2461 3274
2261 158 2291 199 5

222 281 422 316 onustam
456 271 778 332 intercepisset,
824 285 919 312 eam
959 270 1209 313 inviolatam
1243 268 1435 322 dimisit,
1479 267 1580 327 quia
1621 283 1665 309 se
1709 267 1875 327 legatos
1914 268 1968 311 ad
2002 286 2102 312 eum
2137 272 2289 316 missos

221 347 442 392 dicebant:
492 347 536 390 T
529 347 683 393 anneto-i
721 344 993 404 manifestum
1036 353 1158 400 erat,
1205 343 1323 388 addit
1366 340 1662 403 significanter
1705 342 1935 400 Valerius,
1982 344 2081 389 illos
2125 347 2293 390 vitandi

217 423 458 482 praesentis
485 419 677 481 periculi
702 421 846 482 qratia
867 419 1030 481 [inlatam
1052 419 1277 482 leqatiom's
1300 434 1455 464 nomen
1478 417 1700 477 amplecti.-
1737 425 1785 462 ut
1804 418 2001 462 Romani
2020 420 2291 480 iamet-utaris

217 499 361 556 polim
393 497 572 554 decepta
602 495 730 555 fides,
765 511 897 556 quam
916 496 1083 555 [instra
1105 496 1337 554 implorata
1347 495 1645 553 judicaretur.
1672 519 1735 524 —
1760 493 1879 536 {dem
1908 495 1959 537 V
1952 495 2114 537 alerius
2135 496 2287 539 eodem

220 573 357 634 eapite
390 570 528 614 multa
571 569 655 613 alia
698 570 828 629 hujus
869 571 1042 614 virtutis
1086 569 1279 630 exempla
1323 569 1552 630 proponit,
1597 585 1781 628 quorum
1816 586 1950 612 unum
1986 571 2287 615 tantummodo

220 656 426 708 repetam.

410 718 582 780 Ingenti
617 720 862 763 Poenorum
897 718 1034 762 classe
1069 718 1184 761 eirca
1206 717 1400 762 Siciliam
1436 717 1619 774 devicta,
1654 717 1784 761 duces
1819 718 1912 777 ejus
1946 718 2094 762 fractis
2128 720 2286 763 animis

221 793 401 838 consilia
432 793 637 854 petendae
672 795 788 855 pacis
821 793 1056 853 agitabant.
1125 793 1325 850 Quorum
1360 793 1558 837 Amilcar
1600 794 1662 836 ire
1702 809 1747 836 se
1781 792 1835 835 ad
1869 794 2065 837 consules
2099 795 2287 855 negabat

219 868 400 926 audere,
442 885 495 912 ne
529 868 679 913 eodem
714 866 844 911 modo
876 877 1050 912 catenae
1083 867 1163 912 sibi
1198 868 1501 929 injicerentur,
1536 885 1622 930 quo
1656 866 1709 911 ab
1744 867 1848 929 ipsis
1884 867 2089 912 Cornelio
2122 869 2283 913 Asinae

220 944 387 988 consuli
422 944 594 987 fuerant
626 944 823 1003 injectae.
891 943 1052 985 Hanno
1085 953 1245 998 autem,
1280 944 1438 987 certior
1470 944 1657 986 Romani
1697 944 1831 986 animi
1865 944 2141 999 aestimator,
2177 946 2282 988 nihil

219 1018 578 1067 taletimendum
612 1029 748 1074 ratus,
783 1017 971 1061 maxima
1003 1033 1101 1060 cum
1136 1016 1291 1061 fiducia
1324 1017 1377 1061 ad
1411 1017 1675 1079 colloquium
1711 1035 1861 1062 eorum
1897 1018 2093 1063 tetendit.
2152 1019 2282 1081 Apud

220 1111 328 1156 quos
360 1111 496 1156 quum
531 1093 582 1137 de
611 1093 718 1137 belli
753 1093 837 1136 fine
871 1102 1019 1154 ageret
1051 1102 1094 1135 et
1126 1092 1324 1136 tribunus
1359 1093 1545 1137 militum
1580 1094 1618 1137 ei
1653 1093 1852 1138 dixisset:
1889 1111 2016 1156 posse
2041 1094 2104 1138 illi
2129 1096 2283 1138 merito

218 1170 407 1225 evenire,
442 1169 557 1230 quod
592 1169 797 1214 Cornelio
830 1168 1077 1213 accidisset:
1115 1179 1292 1229 uterque
1325 1168 1492 1224 consul,
1527 1169 1701 1213 tribuno
1735 1180 1875 1213 tacere
1901 1170 2054 1229 jusso:
2097 1171 2190 1215 Isto
2225 1179 2282 1227 te,

219 1243 376 1305 inquit,
410 1251 540 1298 metu,
576 1243 758 1299 Hanno,
780 1242 898 1304 fides·
913 1244 1096 1288 civitatis
1117 1249 1287 1288 nostrae
1310 1244 1479 1288 liberal.
1506 1271 1569 1279 —
1592 1244 1745 1288 Livius
1768 1244 1843 1288 lile.
1872 1243 2042 1288 XXII.
2072 1261 2111 1290 c.
2139 1245 2278 1290 LXI.

218 1328 369 1361 auctor
402 1328 467 1362 est
498 1319 774 1373 narrationis,
809 1335 859 1360 ex
892 1334 977 1378 qua
1010 1317 1195 1361 dilucide
1229 1329 1419 1379 apparet,
1454 1336 1582 1379 quam
1618 1319 1819 1378 religiose
1852 1320 2044 1362 caverint
2074 1321 2282 1376 Romani,

217 1410 271 1436 ne
304 1392 436 1448 fides,
479 1409 608 1454 quam
643 1410 741 1436 cum
776 1392 1059 1436 admiratione
1093 1392 1209 1435 orbis
1243 1403 1455 1436 terrarum
1491 1393 1835 1437 constantissime
1869 1393 2171 1451 obtinuerant,
2206 1395 2282 1440 ho·

216 1467 347 1510 minis
369 1468 524 1528 privati
548 1479 591 1510 et
613 1485 665 1510 ne
688 1468 793 1511 civis
817 1467 989 1528 quidem
1009 1467 1195 1510 Romani
1213 1467 1392 1527 perfidia
1408 1467 1568 1510 violata
1590 1468 1782 1528 ipsorum
1806 1467 1991 1527 gloriam
2015 1469 2278 1529 inquinaret.

405 1544 456 1587 ln
490 1560 637 1604 pugna
670 1542 724 1586 ad
757 1542 931 1587 Cannas
964 1542 1090 1586 multi
1124 1542 1238 1586 cives
1271 1542 1460 1586 Romani
1494 1542 1605 1604 eapti
1640 1553 1777 1586 erant.
1847 1541 2020 1600 Quibus
2054 1560 2190 1605 quum
2225 1544 2279 1589 ab

214 1618 461 1663 Hannibale
484 1617 724 1662 redimendi
747 1619 871 1680 eopia
895 1618 1006 1662 faeta
1029 1628 1156 1673 esset,
1191 1617 1382 1679 ipsorum
1412 1617 1557 1661 decem
1584 1617 1736 1661 delecti
1761 1629 1877 1674 sunt,
1912 1618 1984 1679 qui
2009 1619 2278 1680 captivorum

214 1693 564 1738 redimendorum
599 1710 728 1737 causa
750 1694 936 1737 Romam
971 1693 1024 1737 ad
1058 1703 1253 1736 senatum
1288 1694 1422 1736 irent:
1460 1709 1537 1736 nec
1573 1693 1731 1753 pignus
1765 1692 1883 1736 aliud
1916 1693 2032 1749 fidei,
2067 1711 2196 1755 quam
2232 1706 2280 1739 ut

207 1770 424 1829 jurarent,
460 1786 505 1813 se
528 1769 759 1826 redituros,
794 1780 1033 1831 acceptum.
1082 1768 1231 1826 Quum
1267 1769 1429 1829 egressi
1464 1769 1614 1812 castris
1648 1779 1807 1824 essent,
1842 1786 1954 1812 unus
1984 1769 2127 1825 exiis,
2161 1770 2281 1814 velut

212 1842 375 1905 aliquid
408 1843 586 1901 oblitus,
614 1843 905 1905 jurisjurandi
939 1843 1133 1887 solvendi
1168 1860 1296 1887 causa
1329 1860 1463 1905 quum
1498 1843 1542 1885 in
1578 1853 1717 1886 castra
1750 1842 1946 1900 redisset,
1982 1855 2080 1887 ante
2109 1855 2278 1888 noctem

212 1918 390 1962 comites
423 1921 681 1980 assequitur.
749 1911 978 1963 Redemtio
1012 1936 1038 1962 a
1071 1930 1222 1962 senatu
1267 1929 1451 1978 negatur
1492 1930 1534 1961 et
1576 1918 1630 1962 ad
1674 1918 1817 1961 hostes
1862 1918 2002 1961 redire
2038 1919 2252 1977 jubentur
2263 1938 2277 1977 3

211 1992 284 2036 ille
308 2009 420 2036 unus
451 2010 550 2038 vero
574 1994 750 2038 domum
775 1993 897 2050 abiit,
930 1992 1046 2055 quod
1078 1992 1219 2037 fallaci
1243 1992 1383 2036 reditu
1407 1993 1451 2036 in
1475 2003 1614 2035 castra
1629 1992 1918 2052 jurejurando
1941 2009 1986 2036 se
2010 1993 2274 2037 exsolvisset.

212 2066 344 2125 Quod
378 2067 451 2112 ubi
485 2068 673 2112 innotuit
706 2067 975 2130 relatumque
1008 2067 1061 2111 ad
1091 2077 1286 2111 senatum
1311 2077 1391 2124 est,
1427 2083 1577 2111 omnes
1601 2078 1877 2124 censuerunt,
1912 2067 2277 2129 comprehenden-

211 2142 314 2185 dum
348 2153 391 2186 et
423 2143 675 2186 custudibus
708 2143 878 2204 publice
911 2143 1022 2185 datis
1055 2141 1351 2184 deducendum
1386 2142 1439 2184 ad
1472 2143 1764 2185 Hannibalem
1800 2160 1906 2185 esse.

399 2218 492 2262 Nec
532 2217 772 2279 Republica
815 2218 983 2262 labente
1025 2227 1068 2260 et
1108 2215 1266 2260 afflicta
1307 2234 1354 2260 ac
1408 2217 1602 2260 moribus
1645 2216 1824 2278 perditis
1880 2217 2035 2261 desunt
2077 2217 2274 2279 exempla

211 2291 446 2352 singularis
478 2292 578 2336 fidei
613 2293 850 2336 Romanae.

401 2366 551 2425 Quum
585 2367 738 2411 Menas
773 2367 951 2410 libertus
985 2366 1164 2410 Sextum
1200 2366 1485 2427 Pompejum,
1526 2367 1679 2426 Magni
1722 2365 1860 2408 filium
1904 2377 2033 2428 atque
2066 2367 2169 2411 belli
2202 2367 2278 2416 ad-

210 2457 360 2484 versus
395 2452 538 2503 partes
563 2442 844 2485 Caesarianas
878 2441 1077 2484 heredem
1112 2452 1154 2484 et
1186 2451 1329 2501 caput,
1363 2440 1416 2484 ad
1443 2441 1616 2484 caedem
1642 2440 1813 2483 Octavii
1848 2451 1890 2483 et
1911 2442 2113 2498 Antonii,
2149 2459 2276 2503 quoS,

210 2532 343 2576 quum
378 2516 604 2560 subdolam
639 2516 872 2560 amicitiam
916 2516 995 2559 suh
1038 2515 1137 2559 ficta
1175 2515 1292 2576 pacis
1335 2515 1523 2575 imagine
1566 2532 1665 2558 cum
1707 2532 1757 2558 eo
1803 2515 2010 2571 inissent,
2055 2516 2154 2560 navi
2196 2534 2277 2561 sua

209 2589 345 2634 amice
378 2590 431 2635 ad
465 2591 613 2653 epulas
647 2601 880 2653 receperat,
915 2590 1183 2647 hortaretur,
1218 2589 1334 2634 orbis
1368 2600 1580 2633 terrarum
1616 2590 1847 2652 imperium
1883 2591 1921 2634 ei
1957 2601 2201 2646 ostentans,
2234 2589 2276 2640 si

208 2663 287 2707 bos
321 2663 589 2709 diversarum
623 2666 810 2728 partium
845 2665 974 2709 duces
1008 2665 1276 2720 sustulisset,
1319 2664 1459 2708 noluit
1492 2665 1728 2726 Pompejus
1772 2665 1902 2709 fidem
1945 2666 2089 2709 datam
2124 2675 2274 2708 eontra

209 2755 374 2782 morem
408 2740 656 2784 Romanum
690 2741 881 2797 violare,
928 2740 1027 2783 licet
1070 2740 1250 2783 aemulis
1284 2739 1463 2782 sublatis
1497 2739 1644 2800 populi
1678 2740 1868 2782 Romani
1903 2741 2122 2801 ipsiusque
2156 2722 2309 2781 orbisxX

208 2824 422 2857 terrarum
463 2815 646 2875 imperio
691 2816 893 2860 facillime
935 2816 1065 2877 potiri
1109 2815 1330 2876 potuisset.
1400 2813 1493 2857 Cfr.
1536 2813 1711 2858 Cassius
1744 2815 1833 2858 Dio
1867 2814 1941 2858 lib.
1978 2814 2194 2858 XLVIII.
2231 2829 2268 2856 c.
2324 2786 2355 2854 χ

206 2889 474 2933 XXXVIII.
499 2915 562 2922 —
594 2890 741 2934 Etiam
777 2890 1055 2935 memorabile
1089 2900 1168 2947 est,
1203 2889 1317 2951 quod
1350 2888 1402 2932 de
1437 2905 1480 2933 se
1514 2889 1607 2950 ipso
1641 2900 1855 2934 memorat
1893 2890 1945 2933 C.
1973 2889 2073 2933 Jul.
2107 2889 2275 2934 Caesar

207 2962 282 3007 lib.
308 2965 344 3007 1.
371 2981 409 3008 c.
434 2964 603 3009 XLVI.
641 2965 693 3010 de
727 2966 841 3011 bello
874 2966 1046 3026 gallico.
1094 2965 1244 3023 Quum
1280 2964 1393 3007 enim
1430 2965 1472 3007 in
1507 2964 1741 3026 colloquio,
1776 2963 1891 3025 quod
1926 2981 2023 3007 cum
2048 2963 2270 3007 Ariovisto
