2461 3274
173 157 231 201 18

164 280 383 334 -porpetuo
416 273 697 319 misceantur.
766 272 915 320 Etiam
951 273 1181 318 observare
1217 274 1345 332 licet,
1386 274 1629 320 sonunam2
1654 292 1739 321 non
1774 273 1905 321 medo
1940 290 2026 319 non
2060 273 2176 337 peti,
2212 284 2260 321 ut

167 348 271 409 quis
304 358 513 410 perpetua
546 348 752 392 fei-icitate
775 347 946 405 stoi-eat,
980 347 1061 392 sed
1077 349 1151 393 vix
1173 349 1423 407 admittere,¹
1456 360 1506 394 ut
1536 351 1637 411 quis
1670 352 1715 394 in
1748 349 1967 394 infinitum
2000 350 2130 395 mal'-
2162 366 2260 412 pre·

172 433 330 468 matur.
388 423 544 485 Neque
577 423 695 467 enim
729 423 936 468 credibile
969 435 1063 479 est,
1096 423 1319 470 hominem
1355 425 1569 481 inveniri,
1603 426 1678 487 qni
1712 426 1803 470 fata
1844 425 1927 470 nihi
1959 436 2047 470 tant
2079 425 2259 470 inimica

172 498 402 556 bubum-it,
446 510 496 544 ut
528 516 607 560 per
637 510 775 543 totam
800 501 943 544 *vitam
979 499 1145 544 anunm
1179 500 1397 545 malorum
1432 500 1802 545 intermissionem
1837 501 2046 557 senserit,
2090 499 2256 545 nudi-n

171 573 472 637 prosperitatis
507 573 807 628 mutationem⁴
829 575 898 620 vel
932 574 1307 637 temperationem.
1378 573 1511 633 Quod
1544 589 1681 636 quum
1706 575 1768 620 ita
1789 576 1872 633 sit,
1906 575 2097 633 animus,
2129 574 2256 620 maiis

171 649 521 707 imminentibus,
557 667 645 694 non
670 652 817 695 statim
842 649 1112 712 abjiciendus
1144 661 1227 708 est,
1260 650 1336 695 sed
1368 649 1685 712 exspectandus
1719 650 1920 697 fortun-e
1954 651 2256 697 melioris-lae·

171 726 382 787 tiorisque
415 725 609 782 reditus3
644 736 775 786 atque
808 726 1054 770 civitatibus
1088 736 1131 768 et
1164 726 1450 786 principibus,
1485 726 1560 787 qui
1582 725 1848 769 eminentem
1872 728 2063 789 aliquam
2088 727 2256 788 magni·

173 799 369 846 tudinem
420 811 658 867 appetunt,
720 802 797 847 tali
848 802 1090 846 constantia
1142 801 1418 862 potissimum
1473 818 1583 863 opus
1635 811 1714 845 est.
1796 800 1952 859 Quuin
2006 804 2123 847 enim
2168 818 2255 846 non

169 892 345 938 semper
376 876 581 921 secundis
615 876 745 921 rebus
780 877 842 920 uti
877 877 1070 938 possint,
1114 886 1189 920 aut
1222 876 1349 921 malis
1382 886 1451 921 est
1483 874 1885 934 succumbendum,
1918 887 1996 921 ant
2027 894 2125 922 cum
2161 893 2256 940 per-

169 953 417 997 severantia
449 951 784 996 occurrendum.
855 951 937 995 llla
970 953 1137 997 ratione
1169 947 1581 1007 eivitas'evertitur,
1622 951 1701 995 hac
1735 952 1774 995 ei
1810 952 2089 996 incolumitas
2112 953 2257 997 'salus-

166 1043 257 1090 que
291 1027 487 1073 affertur.
558 1026 713 1072 Fortes
748 1025 925 1072 fonuna
957 1025 1159 1089 adjuvat,
1207 1026 1334 1072 sortis
1378 1036 1422 1071 et
1463 1025 1700 1072 constantis
1743 1036 1834 1085 est,
1880 1042 1967 1072 non
2012 1026 2256 1090 perturbari

172 1103 217 1146 in
253 1103 384 1147 rebus
418 1104 597 1164 asperis.
658 1102 829 1160 Quodsi
863 1104 1011 1148 animo
1046 1103 1147 1146 forti
1182 1114 1226 1146 et
1258 1102 1472 1146 constanti
1508 1102 1723 1146 malorum
1758 1103 1947 1164 impetus
1980 1103 2256 1159 sustinueris,

172 1176 267 1221 fleri
313 1195 399 1221 non
445 1188 614 1239 potest,
666 1179 771 1239 quin
824 1178 988 1222 malum
1046 1178 1246 1221 fortunae
1290 1177 1461 1221 meliori
1507 1177 1704 1221 redeunti
1745 1177 1919 1221 tandem
1963 1178 2087 1222 cedat
2128 1190 2255 1241 teque

171 1252 407 1314 relinquat,
437 1256 573 1315 *quem
608 1253 663 1298 ad
697 1252 740 1297 id
775 1264 946 1314 tempus
981 1263 1231 1298 constanter
1262 1264 1506 1298 vexaverat.
1567 1254 1719 1315 ltaque
1753 1253 1904 1315 liquet,
1940 1254 2253 1316 rempublicam

170 1327 224 1371 ad
259 1340 466 1389 magnam
502 1327 740 1391 potentiam
787 1328 1013 1389 pervenire
1057 1344 1143 1371 non
1185 1345 1338 1390 posse,
1384 1328 1467 1372 nisi
1508 1328 1623 1371 cives
1666 1327 1779 1385 alat,
1824 1328 1898 1391 qui
1942 1345 2011 1372 res
2053 1328 2256 1372 adversas

170 1403 357 1447 tolerare
392 1403 722 1447 et.meliorihus
756 1419 849 1447 sese
883 1420 1055 1448 servare
1089 1403 1335 1447 didicerint.

349 1478 493 1523 Hanc
527 1494 701 1539 quoque
729 1478 936 1522 virtutem
962 1464 1174 1523 Romanis
1198 1478 1317 1522 cordi
1354 1478 1504 1534 fuisse,
1540 1494 1591 1521 ex
1625 1478 1843 1522 historicis
1877 1478 2047 1522 abunde
2082 1479 2256 1540 probari

169 1563 325 1616 potest.
379 1552 520 1602 Nobis
554 1552 766 1597 nonnulla
798 1562 966 1597 tantum
1002 1553 1200 1616 exempla
1232 1554 1411 1616 egregia
1433 1553 1589 1598 afferre
1613 1554 1657 1597 in
1680 1553 1828 1597 animo
1851 1564 1930 1597 est.
1984 1554 2044 1597 Et
2062 1554 2256 1617 primum

168 1630 345 1691 quidem
381 1629 486 1673 baec
519 1629 824 1673 Romanorum
859 1630 1102 1672 constantia
1136 1630 1241 1673 satis
1275 1647 1326 1673 ex
1360 1646 1410 1672 eo
1446 1629 1614 1684 elucet,
1657 1628 1801 1690 quod,
1845 1631 1925 1673 etsi
1961 1646 2109 1691 pugna
2142 1629 2256 1672 mala

170 1706 275 1750 victi
308 1715 456 1761 erant,
501 1714 647 1750 tamen
690 1704 848 1748 animis
881 1704 1062 1765 abjectis
1093 1703 1121 1747 'a
1154 1705 1319 1749 victore
1354 1721 1502 1766 pacem
1539 1721 1625 1750 non
1661 1704 1904 1766 petierunt,
1949 1703 2023 1748 sed
2056 1704 2110 1748 ad
2145 1721 2258 1748 nova

172 1782 318 1844 potius
350 1778 453 1834 belli
489 1764 672 1824 consilia
705 1778 954 1837 redierunt,
991 1795 1239 1842 novumque
1273 1780 1510 1824 exercitum
1546 1780 1923 1843 conscripserunt,
1958 1780 2031 1842 qui
2066 1790 2259 1824 extrema

172 1857 225 1899 de
270 1857 442 1915 integro
485 1855 770 1915 experiretur.
840 1855 1076 1912 Polybius,
1122 1871 1269 1897 rerum
1306 1856 1604 1897 Romanarum
1649 1856 1836 1917 scriptor
1877 1855 2255 1915 diligentissimus,

170 1933 290 1976 Hist.
318 1931 393 1975 lib.
420 1931 457 1973 1.
484 1947 579 1990 cap.
606 1930 736 1973 th.
763 1941 993 1985 memorat,
1030 1931 1254 1973 Romanos
1289 1931 1429 1990 primo
1464 1930 1578 1974 bello
1604 1931 1787 1985 Punico,
1823 1948 1909 1991 quo
1944 1931 1996 1974 de
2028 1930 2255 1973 dominatu

170 2005 348 2052 Siciliae
382 2020 483 2050 cum
517 2003 677 2049 Poenis
711 2003 1005 2062 decertabant,
1042 2003 1184 2049 navali
1218 2003 1385 2066 proelio
1417 2003 1579 2061 victos,
1614 2004 1694 2049 etsi
1728 2004 1888 2050 vulnus
1923 2004 2078 2067 ingens
2110 2021 2156 2049 se
2189 2006 2258 2049 ac·

170 2082 335 2144 cepisse
370 2080 690 2141 intelligebant,
727 2068 870 2123 tamen
907 2081 1115 2141 pristinae
1149 2080 1283 2122 animi
1318 2079 1635 2140 magnitudinis
1659 2079 1773 2122 haud
1799 2080 2095 2136 immemores,
2120 2080 2256 2124 classe

171 2159 315 2204 statim
348 2166 551 2219 reparata
587 2157 796 2217 novisque
831 2156 969 2217 copiis
1003 2156 1180 2211 coactis,
1216 2155 1455 2200 Consulem
1491 2156 1534 2198 in
1571 2154 1778 2200 Siciliam*
1804 2156 1988 2199 misisse.
2058 2156 2256 2200 Perlecto

170 2232 283 2296 apud
325 2232 442 2277 hunc
485 2232 741 2278 historicum
787 2230 863 2274 illo
915 2237 1007 2274 toto
1050 2228 1189 2286 bello,
1244 2230 1465 2287 invenies,
1528 2229 1739 2293 populum
1789 2230 2066 2289 Romanum,
2128 2247 2255 2294 saepe

172 2309 343 2370 quidem
385 2309 594 2369 gravibus
636 2308 813 2369 proeliis
854 2307 908 2350 ab
952 2307 1074 2350 hoste
1118 2307 1310 2361 victum,
1366 2323 1492 2367 saepe
1536 2322 1709 2367 quoque
1753 2307 1886 2350 maris
1929 2308 2257 2368 tempestatibus

173 2383 467 2427 immoderatis
502 2384 562 2427 ita
596 2383 798 2437 fractum,
835 2392 899 2438 ut,
933 2382 1101 2426 viribus
1126 2381 1214 2425 fere
1238 2381 1443 2424 omnibus
1466 2381 1655 2436 amissis,
1691 2379 1855 2425 bellum
1890 2397 2099 2425 renovare
2132 2399 2257 2444 posse

172 2474 260 2501 non
294 2457 529 2513 videretur,
564 2472 790 2518 nunquam
825 2466 970 2501 tamen
1006 2457 1154 2499 animo
1179 2455 1364 2499 fractum
1391 2455 1541 2512 fuisse,
1577 2455 1652 2499 sed
1676 2455 1850 2511 damna,
1885 2472 1995 2517 quae
2019 2456 2259 2518 naufragiis

169 2531 392 2594 perpetuis
425 2533 663 2588 contraxit,
700 2549 873 2575 summa
906 2531 1041 2575 animi
1076 2532 1347 2587 constantia,
1388 2548 1562 2592 semper
1594 2531 1720 2574 novis
1752 2530 1965 2576 classibus
1998 2533 2258 2593 comparatis

170 2606 384 2667 novisque
430 2607 685 2669 conscriptis
729 2605 893 2667 copiis,
938 2622 1187 2667 reparasse3
1235 2623 1312 2650 nec
1356 2606 1535 2649 secundi
1577 2606 1680 2649 belli
1725 2605 1880 2649 Punici
1924 2616 2119 2669 tempore
2162 2620 2259 2670 post

171 2681 289 2725 illam
326 2679 495 2724 cladem
533 2681 746 2725 funestam
782 2680 836 2724 ad
871 2681 1046 2724 Cannas
1081 2691 1301 2741 acceptam
1337 2680 1525 2724 Senatus
1559 2680 1827 2741 desperavit,
1863 2680 1937 2724 sed
1972 2693 2035 2725 tot
2068 2682 2260 2745 undique

168 2756 297 2800 malis
331 2756 657 2800 circumventus
691 2755 949 2817 dignitatem
985 2772 1108 2799 suam
1144 2756 1359 2812 servavit,
1404 2755 1602 2799 hortatus
1646 2764 1710 2797 est
1753 2755 1991 2816 populum,
2035 2758 2260 2819 praesidiis

170 2831 322 2874 urbem
359 2830 550 2874 munivit
582 2840 710 2890 atque
745 2830 796 2873 de
830 2829 961 2872 rebus
1001 2829 1302 2890 praesentibus
1346 2845 1508 2889 magno
1553 2844 1602 2872 ac
1646 2827 1747 2871 forti
1791 2830 1938 2873 animo
1980 2831 2259 2890 consultavit,

167 2906 357 2966 Polybio
390 2905 508 2949 Hist.
549 2904 624 2948 lib.
653 2903 736 2948 ΙΙΙ.
775 2922 867 2966 cap.
895 2904 975 2949 ult.
1012 2903 1226 2949 tradente.
1295 2903 1499 2948 Addatur
1532 2904 1685 2948 Livius
1717 2904 1793 2948 lib.
1818 2906 1973 2949 XXII.
2011 2922 2105 2967 cap.
2132 2908 2256 2952 Lm.

168 2997 257 3042 seq.
362 2979 513 3039 ltaque
566 2979 671 3040 ipsi·
707 2977 1118 3038 Carthaginienses,
1182 2979 1293 3023 hanc
1338 2978 1638 3023 Romanorum
1688 2979 1895 3024 virtutem
1940 2981 2258 3041 praedicantes,
