2461 3274
2250 183 2279 227 7

204 303 319 347 hosti
352 301 640 345 traderentur.
711 298 916 342 Consulis
949 298 1080 342 verba
1113 298 1228 360 apud
1260 298 1437 340 Livium
1471 298 1545 339 lib.
1584 298 1675 341 IX.
1715 315 1813 357 cap.
1858 299 2006 342 VIII.
2046 299 2159 340 inter
2191 298 2274 340 alia

206 383 307 421 s'unt
336 376 467 421 'haec-'z
506 377 608 433 Qua
641 376 888 434 sponsione,
924 361 1109 436 quando*
1132 375 1296 434 injussu
1324 373 1484 432 populi
1511 373 1631 433 sacta
1665 381 1742 429 est,
1779 390 1867 417 non
1900 381 2071 418 tenetur
2086 372 2277 432 populus

136 466 149 476 ‘
203 452 461 496 Romanus:
488 459 568 494 nec
589 450 824 511 quidquam
847 466 901 493 ex
922 466 992 505 ca,
1020 456 1331 511 praeterquam
1355 464 1540 507 corpora
1565 455 1727 503 nostra,
1754 450 1965 492 debentur
1987 447 2272 492 Samnitibus.

204 527 434 573 Dedamur
471 541 555 586 per
600 524 773 586 fetiales
815 525 925 568 nudi
962 526 1202 587 vinctique.-
1260 522 1532 567 exsolvamus
1575 523 1779 584 reliqione
1817 523 2031 584 populum
2045 555 2059 578 ‚
2112 524 2152 566 si
2190 539 2277 585 qna

205 604 513 663 obliqavimus3
551 617 604 643 ne
638 603 744 661 quid
774 602 914 643 divini
943 602 1173 643 humaru‘ve
1195 602 1345 652 obstet,
1382 600 1608 659 quominus
1618 600 1785 656 justum
1805 602 2009 659 piumque
2030 601 2085 641 de
2110 601 2276 658 inteqro

204 680 377 721 ineatur
409 675 582 719 bellum.
629 702 692 709 ——
735 675 833 719 Hoc
876 674 936 718 ita
980 674 1140 719 factum
1180 692 1298 732 esse,
1343 674 1530 734 legimus
1564 672 1679 735 apud
1713 673 1886 718 Livium
1920 692 2013 735 cap.
2050 673 2111 718 X.
2179 672 2273 717 Nec

204 750 352 815 populi
387 749 574 793 Romani
609 749 736 793 fidem
772 749 999 811 inquinare
1032 760 1172 811 potest
1206 749 1418 793 Postumii
1454 748 1642 804 factum,
1678 748 1751 809 qui
1787 747 1921 790 fetiali
1955 766 2051 792 cum
2076 747 2274 792 hostibus

205 825 389 869 tradenti
423 842 539 885 genu
573 826 717 868 femur
747 825 960 885 percussit
992 835 1034 867 et
1066 826 1181 868 clara
1213 842 1316 868 voce
1351 825 1473 880 dixit,
1509 841 1554 867 se
1578 823 1819 867 Samnitem
1844 823 1981 866 civem
2005 842 2112 879 esse,
2146 824 2272 867 illum

204 900 423 960 legatum3
469 898 656 942 fetialem
691 915 716 942 a
749 915 793 942 se
827 908 978 941 contra
1003 899 1079 958 jus
1112 900 1306 960 gentium
1340 899 1575 956 violatum,
1612 915 1662 942 eo
1689 898 1855 958 justius
1888 897 2050 942 bellum
2074 909 2273 958 gesturos

205 975 454 1031 Romanos,
489 983 538 1017 ut
571 973 723 1018 Livius
757 983 919 1017 narrat.
987 973 1109 1017 Haec
1152 974 1266 1018 enim
1309 974 1391 1018 viri
1426 974 1581 1036 privati
1618 973 1700 1016 suit
1732 972 1945 1017 calliditas
1981 989 2119 1034 neque
2147 973 2273 1033 jussu

206 1049 391 1093 Senatus
434 1049 669 1113 populique
712 1050 900 1092 Romani
944 1060 1124 1110 patrata.
1199 1051 1392 1111 Apparet
1442 1066 1548 1108 ergo
1602 1048 1868 1104 luculenter,
1922 1050 2145 1091 Romanos
2189 1065 2274 1090 non

206 1123 386 1185 fregisse
421 1123 597 1181 foedus,
643 1122 811 1167 nullum
853 1124 969 1168 enim
1011 1124 1142 1167 ictum
1186 1135 1299 1182 erat3
1345 1124 1488 1186 potius
1523 1140 1675 1167 eorum
1710 1122 1902 1184 probitas
1936 1122 2106 1167 abunde
2140 1140 2191 1167 ex
2225 1139 2274 1167 eo

205 1198 495 1260 conspicitur,
541 1197 656 1260 quod
694 1197 913 1242 'Consules
957 1214 1217 1259 omnesque,
1267 1200 1340 1261 qui
1384 1200 1475 1243 sine
1512 1198 1642 1258 jussu
1687 1208 1860 1240 senatus
1903 1197 2138 1259 populique
2181 1214 2277 1259 spo-

207 1273 495 1335 sponderant,
536 1273 650 1317 bona
683 1272 767 1317 fide
801 1273 913 1316 hosti
947 1272 1092 1316 traditi
1128 1286 1241 1317 sunt.
1311 1276 1455 1318 Causa
1488 1273 1673 1317 foederis
1708 1273 1819 1316 male
1855 1273 2081 1334 compositi
2116 1283 2157 1315 et
2191 1289 2277 1315 non

206 1348 361 1391 servati
406 1364 493 1390 non
539 1348 619 1390 l'uit
652 1348 838 1408 populus
872 1348 1122 1403 Romanus,
1167 1349 1239 1392 sed
1283 1350 1372 1410 ipse
1406 1349 1658 1392 Herennius
1694 1348 1902 1402 Pontius,
1947 1347 2138 1390 hostium
2173 1347 2276 1402 dux,

205 1422 279 1484 qui
306 1423 383 1483 jus
427 1421 570 1466 fetiale
619 1422 899 1484 institutaque
943 1422 1037 1483 ejus
1080 1423 1369 1485 reipublicae,
1416 1440 1601 1485 quacum
1645 1421 1807 1466 bellum
1851 1421 2049 1483 gerebat,
2094 1422 2280 1484 turpiter

205 1497 435 1558 ignorabat
457 1496 802 1559 negligebatque.
840 1497 1089 1542 Herennius
1115 1499 1312 1555 Pontius,
1338 1510 1459 1561 pater
1481 1498 1772 1560 imperatoris,
1797 1498 2019 1541 consultus
2039 1499 2278 1541 rectissime

206 1582 448 1627 censuerat,
483 1582 557 1615 aut
591 1588 741 1615 omncs
772 1573 995 1616 Romanos
1030 1573 1142 1616 inter
1175 1573 1282 1617 duos
1317 1574 1452 1617 saltus
1486 1574 1654 1617 clausos
1690 1572 1788 1616 inde
1822 1589 1952 1633 quam
1988 1573 2177 1634 primum
2213 1573 2277 1615 in-

204 1646 387 1690 violatos
405 1645 703 1702 dimittendos,
719 1657 795 1690 aut
812 1646 865 1690 ad
884 1664 1017 1690 unum
1038 1663 1188 1691 omnes
1207 1648 1551 1706 interficiendos,
1572 1659 1725 1692 neutra
1741 1664 1844 1691 vero
1863 1648 2074 1691 sententia
2083 1658 2274 1708 accepta.

394 1720 462 1764 De
507 1720 676 1765 foedere
718 1719 989 1765 Numantino
1027 1721 1221 1781 Velleius
1253 1723 1512 1766 Patere-ulus
1547 1723 1622 1766 lib.
1661 1722 1735 1765 II.
1777 1738 1874 1781 cap.
1913 1722 1957 1765 I.
2007 1722 2065 1765 ita
2099 1722 2272 1765 scribit:

206 1794 482 1852 „Numantia
504 1812 602 1839 cum
627 1794 734 1839 alios
759 1794 912 1853 duces,
946 1806 1038 1840 tum
1064 1797 1346 1859 Pompejum,
1372 1797 1520 1858 magni
1546 1797 1734 1841 nominis
1756 1797 1927 1854 virum,
1953 1796 2006 1840 ad
2029 1797 2280 1858 turpissima

205 1870 381 1914 deduxit
414 1869 604 1926 foedera,
640 1887 718 1914 nec
752 1872 896 1914 minus
931 1872 1074 1932 turpia
1107 1887 1156 1914 ac
1190 1871 1459 1915 detestabilia
1480 1873 1734 1915 Mancinum
1758 1873 1999 1916 Hostilium
2035 1872 2273 1914 consulem.

204 1945 291 1990 Sed
325 1946 585 2006 Pompejum
619 1947 761 2006 gratia
795 1946 1057 2007 impunitum
1092 1946 1265 2004 habuit3
1299 1948 1554 1990 Mancinum
1588 1947 1864 2003 verecundia,
1900 1949 2058 2009 quippe
2092 1965 2274 2008 poenam

204 2036 290 2064 non
324 2019 589 2077 recusando,
632 2021 833 2083 perduxit
875 2021 984 2077 huc,
1030 2031 1078 2064 ut
1119 2038 1197 2082 per
1239 2021 1404 2065 fetiales
1448 2021 1589 2064 nudus
1633 2038 1682 2065 ac
1725 2032 1823 2083 post
1865 2033 2036 2083 tergum
2073 2022 2275 2083 relegatis

203 2096 404 2139 manibus
438 2095 667 2139 dederetur
698 2096 909 2140 hostibus.
980 2095 1125 2153 Quem
1160 2096 1222 2139 illi
1257 2097 1446 2158 recipcre
1487 2115 1531 2141 se
1567 2108 1860 2158 negaverunt,
1905 2098 2015 2140 sicut
2057 2097 2275 2158 quondam

205 2169 391 2235 Caudini
434 2169 650 2227 fecerunt,
704 2171 920 2226 dicentes,
974 2171 1191 2231 publicam
1243 2171 1521 2215 violationem
1567 2172 1666 2215 fidei
1711 2189 1798 2215 non
1838 2172 1991 2215 debere
2035 2173 2164 2215 unius
2210 2172 2273 2215 lui

206 2243 464 2304 sanguine.”
492 2271 556 2277 —
584 2245 754 2288 Tullius
781 2245 934 2289 Cicero
969 2244 1020 2287 de
1055 2244 1206 2288 officiis
1241 2245 1315 2288 lib.
1343 2246 1424 2287 111.
1453 2262 1546 2307 cap.
1573 2247 1725 2289 XXX.
1763 2246 1872 2288 hanc
1907 2262 1997 2288 rem
2022 2244 2277 2305 dilig-entius

208 2319 268 2361 ita
311 2319 509 2380 exponit:
557 2320 608 2364 C.
644 2319 900 2375 Mancinus,
944 2329 993 2362 ut
1023 2319 1332 2376 Numantinis,
1377 2320 1634 2381 quibuscum
1679 2321 1770 2363 sine
1814 2329 1986 2362 senatus
2020 2320 2277 2363 auctoritate

205 2393 355 2437 foedus
390 2393 565 2451 fecerat,
600 2394 843 2450 dederetur,
879 2394 1148 2454 rogationem
1183 2394 1318 2438 suasit
1350 2411 1462 2451 eam,
1497 2411 1626 2455 quam
1660 2395 1712 2437 L.
1740 2394 1916 2449 Furius,
1953 2393 1999 2438 S.
2026 2394 2192 2438 Atilius
2226 2412 2276 2438 ex

205 2479 379 2514 senatus
421 2469 619 2514 consulto
663 2468 878 2513 ferebant:
934 2485 1019 2530 qua
1061 2479 1258 2531 accepta,
1305 2479 1369 2512 est
1413 2468 1607 2512 hostibus
1651 2467 1835 2511 deditus.
1903 2468 2146 2513 Honestius
2189 2470 2273 2525 hic,

206 2561 336 2605 quam
372 2545 430 2603 Q.
468 2545 729 2607 Pompejus,
774 2560 885 2605 quo,
920 2560 1053 2604 quum
1090 2544 1133 2585 in
1168 2543 1315 2586 cadem
1351 2559 1479 2586 causa
1512 2555 1649 2599 essct,
1685 2543 1966 2604 deprecante,
2001 2555 2174 2606 accepta
2206 2544 2272 2586 lex

206 2636 291 2663 non
326 2632 405 2665 est.
431 2647 495 2654 --
517 2622 586 2665 Ex
619 2620 774 2682 quibus
809 2629 940 2680 patet,
975 2617 1127 2662 iisdem
1161 2617 1271 2662 hanc
1305 2618 1560 2681 pactionemx
1581 2619 1809 2679 postulatis
1839 2618 2088 2664 destitutam
2125 2618 2271 2675 fuisse,

205 2694 361 2755 quibus
396 2694 619 2753 Caudina,
664 2705 712 2739 ut
753 2694 880 2738 etiam
924 2692 1054 2754 hujus
1096 2692 1273 2738 violatio
1317 2692 1469 2737 iisdem
1514 2693 1655 2737 causis
1699 2693 1874 2738 defendi
1918 2695 2067 2757 possit.
2135 2693 2185 2735 ln
2221 2708 2271 2735 eo

205 2777 371 2812 tantum
406 2771 594 2813 Romani
629 2779 883 2831 peccarunt,
919 2768 1034 2829 quod
1068 2785 1153 2811 non
1189 2769 1318 2811 ctiam
1352 2769 1611 2831 Pompejum
1647 2769 1845 2813 hostibus
1879 2770 2102 2822 dederunt,
2138 2784 2270 2827 quum

204 2843 247 2885 in
283 2844 431 2889 eadem
474 2857 587 2890 esset
629 2845 769 2907 culpa.
840 2843 932 2888 Csr.
969 2844 1104 2905 Hugo
1140 2842 1318 2888 Grotius
1362 2841 1413 2887 de
1447 2844 1554 2888 Jure
1587 2843 1690 2888 belli
1734 2856 1777 2888 ct
1818 2845 1934 2907 pacis
1968 2843 2042 2887 lib.
2080 2842 2140 2886 ll.
2177 2858 2282 2903 cap„

2249 2915 2265 2932 a

201 2917 308 2963 XV.
346 2936 388 2964 n.
425 2920 473 2965 X
518 2920 555 2965 Ι.

393 2920 568 3039 Πιίῗίἶιαε
601 2996 701 3039 fidei
735 2995 858 3039 datae
886 3012 964 3039 sua
986 3005 1138 3057 sponte
1160 2994 1312 3038 elucet.
1362 2996 1671 3057 Praeterquam
1696 2994 1809 3055 quod
1833 2994 1939 3037 fides
1962 2940 2265 3055 rempublidiil
