<?xml version="1.0" encoding="UTF-8"?>
<!DOCTYPE html PUBLIC "-//W3C//DTD XHTML 1.0 Transitional//EN"
    "http://www.w3.org/TR/xhtml1/DTD/xhtml1-transitional.dtd">
<html xmlns="http://www.w3.org/1999/xhtml" xml:lang="en" lang="en">
 <head>
  <title>
</title>
<meta http-equiv="Content-Type" content="text/html;charset=utf-8" />
  <meta name='ocr-system' content='tesseract 3.04.00' />
  <meta name='ocr-capabilities' content='ocr_page ocr_carea ocr_par ocr_line ocrx_word'/>
</head>
<body>
  <div class='ocr_page' id='page_1' title='image "./4773727_0010.png"; bbox 0 0 2461 3274; ppageno 0'>
   <div class='ocr_carea' id='block_1_1' title="bbox 175 173 203 214">
    <p class='ocr_par' dir='ltr' id='par_1_1' title="bbox 175 173 203 214">
     <span class='ocr_line' id='line_1_1' title="bbox 175 173 203 214; baseline 0 0"><span class='ocrx_word' id='word_1_1' title='bbox 175 173 203 214; x_wconf 82' lang='lat'>4</span> 
     </span>
    </p>
   </div>
   <div class='ocr_carea' id='block_1_2' title="bbox 143 284 2256 3046">
    <p class='ocr_par' dir='ltr' id='par_1_2' title="bbox 171 284 2256 1466">
     <span class='ocr_line' id='line_1_2' title="bbox 176 284 2254 353; baseline 0.001 -21"><span class='ocrx_word' id='word_1_2' title='bbox 176 287 367 351; x_wconf 87' lang='lat' dir='ltr'><strong>partium</strong></span> <span class='ocrx_word' id='word_1_3' title='bbox 412 286 571 342; x_wconf 82' lang='lat' dir='ltr'><strong>animi,</strong></span> <span class='ocrx_word' id='word_1_4' title='bbox 624 284 843 346; x_wconf 90' lang='lat' dir='ltr'><strong>quomodo</strong></span> <span class='ocrx_word' id='word_1_5' title='bbox 886 285 1026 329; x_wconf 90' lang='lat' dir='ltr'><strong>redire</strong></span> <span class='ocrx_word' id='word_1_6' title='bbox 1072 284 1244 330; x_wconf 87' lang='lat' dir='ltr'><strong>tandem</strong></span> <span class='ocrx_word' id='word_1_7' title='bbox 1288 287 1331 330; x_wconf 94' lang='lat' dir='ltr'><strong>in</strong></span> <span class='ocrx_word' id='word_1_8' title='bbox 1374 285 1560 348; x_wconf 77' lang='lat' dir='ltr'><strong>gratiam</strong></span> <span class='ocrx_word' id='word_1_9' title='bbox 1604 286 1992 351; x_wconf 74' lang='lat' dir='ltr'>concordiamque,</span> <span class='ocrx_word' id='word_1_10' title='bbox 2036 290 2254 353; x_wconf 90' lang='lat' dir='ltr'><strong>quomodo</strong></span> 
     </span>
     <span class='ocr_line' id='line_1_3' title="bbox 179 360 2256 427; baseline 0.002 -21"><span class='ocrx_word' id='word_1_11' title='bbox 179 362 379 423; x_wconf 90' lang='lat' dir='ltr'><strong>componi</strong></span> <span class='ocrx_word' id='word_1_12' title='bbox 414 371 597 422; x_wconf 83' lang='lat' dir='ltr'><strong>possunt</strong></span> <span class='ocrx_word' id='word_1_13' title='bbox 630 361 763 404; x_wconf 86' lang='lat' dir='ltr'><strong>iratae</strong></span> <span class='ocrx_word' id='word_1_14' title='bbox 796 371 981 416; x_wconf 78' lang='lat' dir='ltr'>mentes,</span> <span class='ocrx_word' id='word_1_15' title='bbox 1018 361 1100 404; x_wconf 90' lang='lat' dir='ltr'><strong>nisi</strong></span> <span class='ocrx_word' id='word_1_16' title='bbox 1135 360 1235 404; x_wconf 90' lang='lat' dir='ltr'><strong>fidei</strong></span> <span class='ocrx_word' id='word_1_17' title='bbox 1270 361 1425 422; x_wconf 90' lang='lat' dir='ltr'><strong>religio</strong></span> <span class='ocrx_word' id='word_1_18' title='bbox 1458 361 1659 404; x_wconf 89' lang='lat' dir='ltr'><strong>hostibus</strong></span> <span class='ocrx_word' id='word_1_19' title='bbox 1675 361 1964 408; x_wconf 63' lang='lat' dir='ltr'><strong>‘diffidentiam</strong></span> <span class='ocrx_word' id='word_1_20' title='bbox 1993 365 2138 409; x_wconf 90' lang='lat' dir='ltr'><strong>demat</strong></span> <span class='ocrx_word' id='word_1_21' title='bbox 2158 382 2256 427; x_wconf 87' lang='lat' dir='ltr'><strong>pro-</strong></span> 
     </span>
     <span class='ocr_line' id='line_1_4' title="bbox 179 434 2254 501; baseline 0.002 -19"><span class='ocrx_word' id='word_1_22' title='bbox 179 438 405 497; x_wconf 77' lang='lat' dir='ltr'><strong>mittatque</strong></span> <span class='ocrx_word' id='word_1_23' title='bbox 439 452 560 498; x_wconf 88' lang='lat' dir='ltr'><strong>spem</strong></span> <span class='ocrx_word' id='word_1_24' title='bbox 594 435 711 497; x_wconf 89' lang='lat' dir='ltr'><strong>pacis</strong></span> <span class='ocrx_word' id='word_1_25' title='bbox 745 435 950 481; x_wconf 78' lang='lat' dir='ltr'><strong>futurae?</strong></span> <span class='ocrx_word' id='word_1_26' title='bbox 1005 435 1121 479; x_wconf 89' lang='lat' dir='ltr'><strong>Fieri</strong></span> <span class='ocrx_word' id='word_1_27' title='bbox 1148 434 1264 480; x_wconf 89' lang='lat' dir='ltr'><strong>enim</strong></span> <span class='ocrx_word' id='word_1_28' title='bbox 1301 454 1386 482; x_wconf 92' lang='lat' dir='ltr'><strong>non</strong></span> <span class='ocrx_word' id='word_1_29' title='bbox 1421 445 1577 498; x_wconf 88' lang='lat' dir='ltr'><strong>potest,</strong></span> <span class='ocrx_word' id='word_1_30' title='bbox 1612 435 1717 498; x_wconf 90' lang='lat' dir='ltr'><strong>quin</strong></span> <span class='ocrx_word' id='word_1_31' title='bbox 1752 454 1820 482; x_wconf 91' lang='lat' dir='ltr'><strong>res</strong></span> <span class='ocrx_word' id='word_1_32' title='bbox 1854 438 2136 501; x_wconf 77' lang='lat' dir='ltr'><strong>transigatur,</strong></span> <span class='ocrx_word' id='word_1_33' title='bbox 2172 440 2254 486; x_wconf 90' lang='lat' dir='ltr'><strong>nisi</strong></span> 
     </span>
     <span class='ocr_line' id='line_1_5' title="bbox 178 509 2254 577; baseline 0.002 -22"><span class='ocrx_word' id='word_1_34' title='bbox 178 511 261 555; x_wconf 89' lang='lat' dir='ltr'><strong>fide</strong></span> <span class='ocrx_word' id='word_1_35' title='bbox 294 510 348 554; x_wconf 87' lang='lat' dir='ltr'><strong>ab</strong></span> <span class='ocrx_word' id='word_1_36' title='bbox 383 521 566 572; x_wconf 91' lang='lat' dir='ltr'><strong>utraque</strong></span> <span class='ocrx_word' id='word_1_37' title='bbox 600 519 720 572; x_wconf 89' lang='lat' dir='ltr'><strong>parte</strong></span> <span class='ocrx_word' id='word_1_38' title='bbox 755 509 855 554; x_wconf 81' lang='lat' dir='ltr'><strong>data</strong></span> <span class='ocrx_word' id='word_1_39' title='bbox 888 520 1146 572; x_wconf 89' lang='lat' dir='ltr'><strong>acceptaque</strong></span> <span class='ocrx_word' id='word_1_40' title='bbox 1180 511 1445 554; x_wconf 84' lang='lat' dir='ltr'><strong>conveniunt</strong></span> <span class='ocrx_word' id='word_1_41' title='bbox 1476 511 1619 554; x_wconf 90' lang='lat' dir='ltr'><strong>hostes</strong></span> <span class='ocrx_word' id='word_1_42' title='bbox 1652 520 1695 553; x_wconf 89' lang='lat' dir='ltr'><strong>et</strong></span> <span class='ocrx_word' id='word_1_43' title='bbox 1717 510 1770 554; x_wconf 91' lang='lat' dir='ltr'><strong>de</strong></span> <span class='ocrx_word' id='word_1_44' title='bbox 1793 512 2114 558; x_wconf 90' lang='lat' dir='ltr'><strong>conditionibus</strong></span> <span class='ocrx_word' id='word_1_45' title='bbox 2136 516 2254 577; x_wconf 81' lang='lat' dir='ltr'><strong>pacis</strong></span> 
     </span>
     <span class='ocr_line' id='line_1_6' title="bbox 174 584 2253 648; baseline 0.002 -19"><span class='ocrx_word' id='word_1_46' title='bbox 174 597 323 648; x_wconf 89' lang='lat' dir='ltr'><strong>aperte</strong></span> <span class='ocrx_word' id='word_1_47' title='bbox 366 586 606 631; x_wconf 84' lang='lat' dir='ltr'><strong>deliberant</strong></span> <span class='ocrx_word' id='word_1_48' title='bbox 649 596 935 647; x_wconf 80' lang='lat' dir='ltr'><strong>tractantque.</strong></span> <span class='ocrx_word' id='word_1_49' title='bbox 1006 584 1131 641; x_wconf 85' lang='lat' dir='ltr'><strong>Quae</strong></span> <span class='ocrx_word' id='word_1_50' title='bbox 1174 584 1273 627; x_wconf 88' lang='lat' dir='ltr'><strong>data</strong></span> <span class='ocrx_word' id='word_1_51' title='bbox 1316 585 1422 628; x_wconf 90' lang='lat' dir='ltr'><strong>fides</strong></span> <span class='ocrx_word' id='word_1_52' title='bbox 1455 587 1491 630; x_wconf 92' lang='lat' dir='ltr'><strong>si</strong></span> <span class='ocrx_word' id='word_1_53' title='bbox 1524 587 1737 641; x_wconf 79' lang='lat' dir='ltr'><strong>violetur,</strong></span> <span class='ocrx_word' id='word_1_54' title='bbox 1784 588 1923 630; x_wconf 90' lang='lat' dir='ltr'><strong>multo</strong></span> <span class='ocrx_word' id='word_1_55' title='bbox 1956 589 2253 633; x_wconf 86' lang='lat' dir='ltr'><strong>vehementius</strong></span> 
     </span>
     <span class='ocr_line' id='line_1_7' title="bbox 175 658 2251 726; baseline 0.001 -21"><span class='ocrx_word' id='word_1_56' title='bbox 175 660 339 705; x_wconf 88' lang='lat' dir='ltr'><strong>bellum</strong></span> <span class='ocrx_word' id='word_1_57' title='bbox 374 670 574 721; x_wconf 84' lang='lat' dir='ltr'><strong>gerentes</strong></span> <span class='ocrx_word' id='word_1_58' title='bbox 609 659 662 703; x_wconf 90' lang='lat' dir='ltr'><strong>ad</strong></span> <span class='ocrx_word' id='word_1_59' title='bbox 697 676 819 703; x_wconf 89' lang='lat' dir='ltr'><strong>arma</strong></span> <span class='ocrx_word' id='word_1_60' title='bbox 852 669 1076 702; x_wconf 85' lang='lat' dir='ltr'><strong>recurrent</strong></span> <span class='ocrx_word' id='word_1_61' title='bbox 1108 668 1151 702; x_wconf 93' lang='lat' dir='ltr'><strong>et</strong></span> <span class='ocrx_word' id='word_1_62' title='bbox 1182 658 1353 719; x_wconf 80' lang='lat' dir='ltr'><strong>gladios</strong></span> <span class='ocrx_word' id='word_1_63' title='bbox 1384 660 1426 703; x_wconf 92' lang='lat' dir='ltr'><strong>in</strong></span> <span class='ocrx_word' id='word_1_64' title='bbox 1452 661 1619 705; x_wconf 85' lang='lat' dir='ltr'><strong>hostem</strong></span> <span class='ocrx_word' id='word_1_65' title='bbox 1643 661 1832 705; x_wconf 88' lang='lat' dir='ltr'><strong>atrocius</strong></span> <span class='ocrx_word' id='word_1_66' title='bbox 1856 662 2088 723; x_wconf 86' lang='lat' dir='ltr'><strong>stringent,</strong></span> <span class='ocrx_word' id='word_1_67' title='bbox 2123 680 2251 726; x_wconf 86' lang='lat' dir='ltr'><strong>quam</strong></span> 
     </span>
     <span class='ocr_line' id='line_1_8' title="bbox 176 732 2251 797; baseline 0 -17"><span class='ocrx_word' id='word_1_68' title='bbox 176 746 302 780; x_wconf 91' lang='lat' dir='ltr'><strong>antea</strong></span> <span class='ocrx_word' id='word_1_69' title='bbox 335 751 552 797; x_wconf 83' lang='lat' dir='ltr'><strong>unquam3</strong></span> <span class='ocrx_word' id='word_1_70' title='bbox 589 751 667 779; x_wconf 90' lang='lat' dir='ltr'><strong>nec</strong></span> <span class='ocrx_word' id='word_1_71' title='bbox 701 734 821 797; x_wconf 90' lang='lat' dir='ltr'><strong>prius</strong></span> <span class='ocrx_word' id='word_1_72' title='bbox 855 732 1069 790; x_wconf 89' lang='lat' dir='ltr'><strong>caedium,</strong></span> <span class='ocrx_word' id='word_1_73' title='bbox 1104 733 1373 795; x_wconf 83' lang='lat' dir='ltr'><strong>rapinarum,</strong></span> <span class='ocrx_word' id='word_1_74' title='bbox 1410 734 1738 793; x_wconf 80' lang='lat' dir='ltr'><strong>incendiorum,</strong></span> <span class='ocrx_word' id='word_1_75' title='bbox 1773 734 2118 782; x_wconf 87' lang='lat' dir='ltr'><strong>devastationum</strong></span> <span class='ocrx_word' id='word_1_76' title='bbox 2153 736 2251 781; x_wconf 89' lang='lat' dir='ltr'><strong>finis</strong></span> 
     </span>
     <span class='ocr_line' id='line_1_9' title="bbox 177 800 2246 871; baseline 0 -17"><span class='ocrx_word' id='word_1_77' title='bbox 177 812 274 866; x_wconf 86' lang='lat' dir='ltr'><strong>erit,</strong></span> <span class='ocrx_word' id='word_1_78' title='bbox 309 827 439 871; x_wconf 88' lang='lat' dir='ltr'><strong>quam</strong></span> <span class='ocrx_word' id='word_1_79' title='bbox 475 810 624 871; x_wconf 91' lang='lat' dir='ltr'><strong>populi</strong></span> <span class='ocrx_word' id='word_1_80' title='bbox 659 809 953 852; x_wconf 83' lang='lat' dir='ltr'><strong>discordantes</strong></span> <span class='ocrx_word' id='word_1_81' title='bbox 989 819 1032 851; x_wconf 90' lang='lat' dir='ltr'><strong>et</strong></span> <span class='ocrx_word' id='word_1_82' title='bbox 1065 808 1167 851; x_wconf 93' lang='lat' dir='ltr'><strong>dare</strong></span> <span class='ocrx_word' id='word_1_83' title='bbox 1200 809 1398 852; x_wconf 90' lang='lat' dir='ltr'><strong>hostibus</strong></span> <span class='ocrx_word' id='word_1_84' title='bbox 1424 809 1553 853; x_wconf 90' lang='lat' dir='ltr'><strong>fidem</strong></span> <span class='ocrx_word' id='word_1_85' title='bbox 1577 822 1620 854; x_wconf 92' lang='lat' dir='ltr'><strong>et</strong></span> <span class='ocrx_word' id='word_1_86' title='bbox 1642 811 1784 854; x_wconf 90' lang='lat' dir='ltr'><strong>datam</strong></span> <span class='ocrx_word' id='word_1_87' title='bbox 1809 800 2039 854; x_wconf 87' lang='lat' dir='ltr'><strong>didicerint</strong></span> <span class='ocrx_word' id='word_1_88' title='bbox 2061 829 2246 856; x_wconf 87' lang='lat' dir='ltr'><strong>servare.</strong></span> 
     </span>
     <span class='ocr_line' id='line_1_10' title="bbox 175 883 2248 948; baseline 0 -18"><span class='ocrx_word' id='word_1_89' title='bbox 175 884 384 943; x_wconf 85' lang='lat' dir='ltr'><strong>Accedit,</strong></span> <span class='ocrx_word' id='word_1_90' title='bbox 430 884 545 947; x_wconf 88' lang='lat' dir='ltr'><strong>quod</strong></span> <span class='ocrx_word' id='word_1_91' title='bbox 589 884 724 929; x_wconf 85' lang='lat' dir='ltr'><strong>hostis</strong></span> <span class='ocrx_word' id='word_1_92' title='bbox 759 883 917 928; x_wconf 89' lang='lat' dir='ltr'><strong>damna</strong></span> <span class='ocrx_word' id='word_1_93' title='bbox 950 900 975 927; x_wconf 90' lang='lat' dir='ltr'><strong>a</strong></span> <span class='ocrx_word' id='word_1_94' title='bbox 1009 883 1134 927; x_wconf 92' lang='lat' dir='ltr'><strong>nobis</strong></span> <span class='ocrx_word' id='word_1_95' title='bbox 1168 894 1343 948; x_wconf 91' lang='lat' dir='ltr'><strong>accepta</strong></span> <span class='ocrx_word' id='word_1_96' title='bbox 1377 885 1422 928; x_wconf 93' lang='lat' dir='ltr'><strong>in</strong></span> <span class='ocrx_word' id='word_1_97' title='bbox 1455 885 1710 929; x_wconf 89' lang='lat' dir='ltr'><strong>memoriam</strong></span> <span class='ocrx_word' id='word_1_98' title='bbox 1746 884 1955 930; x_wconf 88' lang='lat' dir='ltr'><strong>reducens</strong></span> <span class='ocrx_word' id='word_1_99' title='bbox 1991 886 2129 932; x_wconf 79' lang='lat' dir='ltr'><strong>facere</strong></span> <span class='ocrx_word' id='word_1_100' title='bbox 2163 904 2248 931; x_wconf 91' lang='lat' dir='ltr'><strong>non</strong></span> 
     </span>
     <span class='ocr_line' id='line_1_11' title="bbox 172 957 2251 1023; baseline 0.001 -20"><span class='ocrx_word' id='word_1_101' title='bbox 172 969 343 1023; x_wconf 82' lang='lat' dir='ltr'><strong>potest,</strong></span> <span class='ocrx_word' id='word_1_102' title='bbox 386 960 493 1022; x_wconf 80' lang='lat' dir='ltr'><strong>quin</strong></span> <span class='ocrx_word' id='word_1_103' title='bbox 527 959 677 1015; x_wconf 72' lang='lat' dir='ltr'><strong>nobis,</strong></span> <span class='ocrx_word' id='word_1_104' title='bbox 721 959 798 1020; x_wconf 84' lang='lat' dir='ltr'><strong>qui</strong></span> <span class='ocrx_word' id='word_1_105' title='bbox 832 959 898 1014; x_wconf 91' lang='lat' dir='ltr'><strong>ei,</strong></span> <span class='ocrx_word' id='word_1_106' title='bbox 943 969 993 1002; x_wconf 91' lang='lat' dir='ltr'><strong>ut</strong></span> <span class='ocrx_word' id='word_1_107' title='bbox 1023 959 1119 1020; x_wconf 80' lang='lat' dir='ltr'><strong>ejus</strong></span> <span class='ocrx_word' id='word_1_108' title='bbox 1153 957 1329 1020; x_wconf 77' lang='lat' dir='ltr'><strong>quidem</strong></span> <span class='ocrx_word' id='word_1_109' title='bbox 1362 959 1511 1022; x_wconf 73' lang='lat' dir='ltr'><strong>opinio</strong></span> <span class='ocrx_word' id='word_1_110' title='bbox 1547 960 1654 1019; x_wconf 75' lang='lat' dir='ltr'><strong>fert,</strong></span> <span class='ocrx_word' id='word_1_111' title='bbox 1692 961 1859 1021; x_wconf 66' lang='lat' dir='ltr'><strong>injusta</strong></span> <span class='ocrx_word' id='word_1_112' title='bbox 1888 971 1932 1005; x_wconf 86' lang='lat' dir='ltr'><strong>ct</strong></span> <span class='ocrx_word' id='word_1_113' title='bbox 1964 961 2099 1023; x_wconf 78' lang='lat' dir='ltr'><strong>impia</strong></span> <span class='ocrx_word' id='word_1_114' title='bbox 2129 979 2251 1006; x_wconf 90' lang='lat' dir='ltr'><strong>arma</strong></span> 
     </span>
     <span class='ocr_line' id='line_1_12' title="bbox 173 1032 2247 1095; baseline 0 -15"><span class='ocrx_word' id='word_1_115' title='bbox 173 1036 468 1091; x_wconf 86' lang='lat' dir='ltr'><strong>intulerimus,</strong></span> <span class='ocrx_word' id='word_1_116' title='bbox 503 1033 684 1078; x_wconf 84' lang='lat' dir='ltr'><strong>diffidat.</strong></span> <span class='ocrx_word' id='word_1_117' title='bbox 734 1033 905 1092; x_wconf 84' lang='lat' dir='ltr'><strong>Quodsi</strong></span> <span class='ocrx_word' id='word_1_118' title='bbox 929 1033 981 1077; x_wconf 92' lang='lat' dir='ltr'><strong>de</strong></span> <span class='ocrx_word' id='word_1_119' title='bbox 1004 1032 1087 1077; x_wconf 86' lang='lat' dir='ltr'><strong>fide</strong></span> <span class='ocrx_word' id='word_1_120' title='bbox 1111 1044 1259 1078; x_wconf 91' lang='lat' dir='ltr'><strong>nostra</strong></span> <span class='ocrx_word' id='word_1_121' title='bbox 1282 1035 1390 1079; x_wconf 92' lang='lat' dir='ltr'><strong>nihil</strong></span> <span class='ocrx_word' id='word_1_122' title='bbox 1413 1036 1452 1079; x_wconf 90' lang='lat' dir='ltr'><strong>ei</strong></span> <span class='ocrx_word' id='word_1_123' title='bbox 1477 1035 1719 1079; x_wconf 89' lang='lat' dir='ltr'><strong>constiterit</strong></span> <span class='ocrx_word' id='word_1_124' title='bbox 1741 1036 1917 1092; x_wconf 92' lang='lat' dir='ltr'><strong>certius,</strong></span> <span class='ocrx_word' id='word_1_125' title='bbox 1952 1035 2247 1095; x_wconf 80' lang='lat' dir='ltr'><strong>arbitrabitur,</strong></span> 
     </span>
     <span class='ocr_line' id='line_1_13' title="bbox 173 1109 2247 1173; baseline 0 -18"><span class='ocrx_word' id='word_1_126' title='bbox 173 1112 298 1172; x_wconf 87' lang='lat' dir='ltr'><strong>cujus</strong></span> <span class='ocrx_word' id='word_1_127' title='bbox 332 1109 438 1154; x_wconf 88' lang='lat' dir='ltr'><strong>fides</strong></span> <span class='ocrx_word' id='word_1_128' title='bbox 472 1109 527 1153; x_wconf 93' lang='lat' dir='ltr'><strong>ob</strong></span> <span class='ocrx_word' id='word_1_129' title='bbox 562 1126 779 1153; x_wconf 90' lang='lat' dir='ltr'><strong>summam</strong></span> <span class='ocrx_word' id='word_1_130' title='bbox 812 1109 1072 1169; x_wconf 78' lang='lat' dir='ltr'><strong>injustitiam</strong></span> <span class='ocrx_word' id='word_1_131' title='bbox 1106 1109 1263 1153; x_wconf 79' lang='lat' dir='ltr'><strong>merito</strong></span> <span class='ocrx_word' id='word_1_132' title='bbox 1297 1120 1362 1156; x_wconf 86' lang='lat' dir='ltr'><strong>est</strong></span> <span class='ocrx_word' id='word_1_133' title='bbox 1384 1120 1601 1173; x_wconf 74' lang='lat' dir='ltr'><strong>suspecta,</strong></span> <span class='ocrx_word' id='word_1_134' title='bbox 1635 1127 1734 1155; x_wconf 92' lang='lat' dir='ltr'><strong>cum</strong></span> <span class='ocrx_word' id='word_1_135' title='bbox 1769 1127 1819 1154; x_wconf 92' lang='lat' dir='ltr'><strong>eo</strong></span> <span class='ocrx_word' id='word_1_136' title='bbox 1854 1111 2247 1156; x_wconf 82' lang='lat' dir='ltr'><strong>reconciliationem</strong></span> 
     </span>
     <span class='ocr_line' id='line_1_14' title="bbox 174 1184 2249 1246; baseline 0.001 -17"><span class='ocrx_word' id='word_1_137' title='bbox 174 1197 216 1229; x_wconf 89' lang='lat' dir='ltr'><strong>et</strong></span> <span class='ocrx_word' id='word_1_138' title='bbox 248 1197 413 1229; x_wconf 89' lang='lat' dir='ltr'><strong>tentare</strong></span> <span class='ocrx_word' id='word_1_139' title='bbox 448 1196 491 1228; x_wconf 90' lang='lat' dir='ltr'><strong>et</strong></span> <span class='ocrx_word' id='word_1_140' title='bbox 523 1201 748 1246; x_wconf 83' lang='lat' dir='ltr'><strong>quaerere,</strong></span> <span class='ocrx_word' id='word_1_141' title='bbox 782 1201 942 1227; x_wconf 88' lang='lat' dir='ltr'><strong>vanum</strong></span> <span class='ocrx_word' id='word_1_142' title='bbox 977 1201 1085 1227; x_wconf 89' lang='lat' dir='ltr'><strong>esse.</strong></span> <span class='ocrx_word' id='word_1_143' title='bbox 1154 1184 1223 1228; x_wconf 89' lang='lat' dir='ltr'><strong>Ne</strong></span> <span class='ocrx_word' id='word_1_144' title='bbox 1257 1186 1393 1245; x_wconf 87' lang='lat' dir='ltr'><strong>igitur</strong></span> <span class='ocrx_word' id='word_1_145' title='bbox 1425 1197 1598 1230; x_wconf 87' lang='lat' dir='ltr'><strong>aeterna</strong></span> <span class='ocrx_word' id='word_1_146' title='bbox 1631 1186 1719 1228; x_wconf 92' lang='lat' dir='ltr'><strong>sint</strong></span> <span class='ocrx_word' id='word_1_147' title='bbox 1751 1185 1850 1229; x_wconf 89' lang='lat' dir='ltr'><strong>odia</strong></span> <span class='ocrx_word' id='word_1_148' title='bbox 1883 1186 2161 1246; x_wconf 85' lang='lat' dir='ltr'><strong>populorum,</strong></span> <span class='ocrx_word' id='word_1_149' title='bbox 2196 1205 2249 1231; x_wconf 90' lang='lat' dir='ltr'><strong>ne</strong></span> 
     </span>
     <span class='ocr_line' id='line_1_15' title="bbox 173 1257 2248 1322; baseline 0 -17"><span class='ocrx_word' id='word_1_150' title='bbox 173 1261 288 1305; x_wconf 88' lang='lat' dir='ltr'><strong>ensis</strong></span> <span class='ocrx_word' id='word_1_151' title='bbox 312 1260 356 1303; x_wconf 89' lang='lat' dir='ltr'><strong>in</strong></span> <span class='ocrx_word' id='word_1_152' title='bbox 382 1258 600 1303; x_wconf 90' lang='lat' dir='ltr'><strong>infinitum</strong></span> <span class='ocrx_word' id='word_1_153' title='bbox 625 1258 803 1315; x_wconf 89' lang='lat' dir='ltr'><strong>saeviat,</strong></span> <span class='ocrx_word' id='word_1_154' title='bbox 840 1276 893 1302; x_wconf 93' lang='lat' dir='ltr'><strong>ne</strong></span> <span class='ocrx_word' id='word_1_155' title='bbox 918 1257 1162 1319; x_wconf 84' lang='lat' dir='ltr'><strong>respublica</strong></span> <span class='ocrx_word' id='word_1_156' title='bbox 1184 1261 1404 1322; x_wconf 91' lang='lat' dir='ltr'><strong>perpetuis</strong></span> <span class='ocrx_word' id='word_1_157' title='bbox 1427 1260 1648 1305; x_wconf 82' lang='lat' dir='ltr'><strong>laboribus</strong></span> <span class='ocrx_word' id='word_1_158' title='bbox 1671 1259 1960 1322; x_wconf 88' lang='lat' dir='ltr'><strong>periculisque</strong></span> <span class='ocrx_word' id='word_1_159' title='bbox 1984 1273 2248 1318; x_wconf 84' lang='lat' dir='ltr'><strong>exerceatur,</strong></span> 
     </span>
     <span class='ocr_line' id='line_1_16' title="bbox 173 1333 2247 1398; baseline 0 -19"><span class='ocrx_word' id='word_1_160' title='bbox 173 1352 280 1398; x_wconf 91' lang='lat' dir='ltr'><strong>opus</strong></span> <span class='ocrx_word' id='word_1_161' title='bbox 315 1345 396 1391; x_wconf 88' lang='lat' dir='ltr'><strong>est,</strong></span> <span class='ocrx_word' id='word_1_162' title='bbox 432 1334 561 1377; x_wconf 91' lang='lat' dir='ltr'><strong>fidem</strong></span> <span class='ocrx_word' id='word_1_163' title='bbox 595 1343 768 1395; x_wconf 89' lang='lat' dir='ltr'><strong>praesto</strong></span> <span class='ocrx_word' id='word_1_164' title='bbox 801 1349 911 1388; x_wconf 91' lang='lat' dir='ltr'><strong>esse,</strong></span> <span class='ocrx_word' id='word_1_165' title='bbox 947 1349 1032 1393; x_wconf 86' lang='lat' dir='ltr'><strong>qua</strong></span> <span class='ocrx_word' id='word_1_166' title='bbox 1056 1333 1186 1393; x_wconf 89' lang='lat' dir='ltr'><strong>legati</strong></span> <span class='ocrx_word' id='word_1_167' title='bbox 1210 1335 1349 1376; x_wconf 93' lang='lat' dir='ltr'><strong>securi</strong></span> <span class='ocrx_word' id='word_1_168' title='bbox 1374 1336 1461 1377; x_wconf 90' lang='lat' dir='ltr'><strong>sint</strong></span> <span class='ocrx_word' id='word_1_169' title='bbox 1483 1345 1611 1396; x_wconf 90' lang='lat' dir='ltr'><strong>atque</strong></span> <span class='ocrx_word' id='word_1_170' title='bbox 1634 1351 1699 1390; x_wconf 90' lang='lat' dir='ltr'><strong>ea,</strong></span> <span class='ocrx_word' id='word_1_171' title='bbox 1735 1351 1844 1395; x_wconf 90' lang='lat' dir='ltr'><strong>quae</strong></span> <span class='ocrx_word' id='word_1_172' title='bbox 1868 1334 2010 1377; x_wconf 88' lang='lat' dir='ltr'><strong>decisa</strong></span> <span class='ocrx_word' id='word_1_173' title='bbox 2039 1346 2247 1398; x_wconf 87' lang='lat' dir='ltr'><strong>pactaque</strong></span> 
     </span>
     <span class='ocr_line' id='line_1_17' title="bbox 171 1409 1087 1466; baseline -0.004 -12"><span class='ocrx_word' id='word_1_174' title='bbox 171 1421 289 1466; x_wconf 84' lang='lat' dir='ltr'><strong>sunt,</strong></span> <span class='ocrx_word' id='word_1_175' title='bbox 325 1409 532 1453; x_wconf 76' lang='lat' dir='ltr'><strong>inviolata</strong></span> <span class='ocrx_word' id='word_1_176' title='bbox 563 1419 815 1452; x_wconf 71' lang='lat' dir='ltr'><strong>constanter</strong></span> <span class='ocrx_word' id='word_1_177' title='bbox 847 1418 1087 1452; x_wconf 83' lang='lat' dir='ltr'><strong>serventur.</strong></span> 
     </span>
    </p>

    <p class='ocr_par' dir='ltr' id='par_1_3' title="bbox 163 1482 2246 2595">
     <span class='ocr_line' id='line_1_18' title="bbox 361 1482 2246 1545; baseline 0.001 -17"><span class='ocrx_word' id='word_1_178' title='bbox 361 1485 574 1540; x_wconf 77' lang='lat' dir='ltr'><strong>Romani,</strong></span> <span class='ocrx_word' id='word_1_179' title='bbox 616 1484 691 1545; x_wconf 91' lang='lat' dir='ltr'><strong>qui</strong></span> <span class='ocrx_word' id='word_1_180' title='bbox 734 1492 943 1544; x_wconf 83' lang='lat' dir='ltr'><strong>perpetuo</strong></span> <span class='ocrx_word' id='word_1_181' title='bbox 988 1482 1098 1525; x_wconf 85' lang='lat' dir='ltr'><strong>bella</strong></span> <span class='ocrx_word' id='word_1_182' title='bbox 1142 1485 1401 1543; x_wconf 85' lang='lat' dir='ltr'><strong>gravissima</strong></span> <span class='ocrx_word' id='word_1_183' title='bbox 1444 1486 1677 1545; x_wconf 85' lang='lat' dir='ltr'><strong>gerebant,</strong></span> <span class='ocrx_word' id='word_1_184' title='bbox 1722 1484 2034 1545; x_wconf 79' lang='lat' dir='ltr'><strong>rempublicam</strong></span> <span class='ocrx_word' id='word_1_185' title='bbox 2075 1502 2246 1530; x_wconf 78' lang='lat' dir='ltr'><strong>servare</strong></span> 
     </span>
     <span class='ocr_line' id='line_1_19' title="bbox 171 1555 2245 1622; baseline 0 -18"><span class='ocrx_word' id='word_1_186' title='bbox 171 1578 255 1604; x_wconf 87' lang='lat' dir='ltr'><strong>non</strong></span> <span class='ocrx_word' id='word_1_187' title='bbox 290 1570 508 1622; x_wconf 83' lang='lat' dir='ltr'><strong>poterant,</strong></span> <span class='ocrx_word' id='word_1_188' title='bbox 545 1559 628 1602; x_wconf 86' lang='lat' dir='ltr'><strong>nisi</strong></span> <span class='ocrx_word' id='word_1_189' title='bbox 662 1575 762 1602; x_wconf 90' lang='lat' dir='ltr'><strong>cum</strong></span> <span class='ocrx_word' id='word_1_190' title='bbox 795 1555 1054 1619; x_wconf 86' lang='lat' dir='ltr'><strong>quibusdam</strong></span> <span class='ocrx_word' id='word_1_191' title='bbox 1089 1557 1280 1602; x_wconf 88' lang='lat' dir='ltr'><strong>hostium</strong></span> <span class='ocrx_word' id='word_1_192' title='bbox 1315 1560 1359 1602; x_wconf 89' lang='lat' dir='ltr'><strong>in</strong></span> <span class='ocrx_word' id='word_1_193' title='bbox 1393 1560 1535 1620; x_wconf 84' lang='lat' dir='ltr'><strong>gratia</strong></span> <span class='ocrx_word' id='word_1_194' title='bbox 1568 1569 1706 1616; x_wconf 86' lang='lat' dir='ltr'><strong>erant,</strong></span> <span class='ocrx_word' id='word_1_195' title='bbox 1741 1576 1826 1620; x_wconf 89' lang='lat' dir='ltr'><strong>quo</strong></span> <span class='ocrx_word' id='word_1_196' title='bbox 1851 1559 2017 1603; x_wconf 81' lang='lat' dir='ltr'><strong>viribus</strong></span> <span class='ocrx_word' id='word_1_197' title='bbox 2041 1560 2085 1604; x_wconf 93' lang='lat' dir='ltr'><strong>in</strong></span> <span class='ocrx_word' id='word_1_198' title='bbox 2110 1578 2245 1606; x_wconf 89' lang='lat' dir='ltr'><strong>unum</strong></span> 
     </span>
     <span class='ocr_line' id='line_1_20' title="bbox 168 1632 2245 1696; baseline 0.001 -17"><span class='ocrx_word' id='word_1_199' title='bbox 168 1635 328 1680; x_wconf 83' lang='lat' dir='ltr'><strong>coactis</strong></span> <span class='ocrx_word' id='word_1_200' title='bbox 372 1635 529 1679; x_wconf 84' lang='lat' dir='ltr'><strong>fortius</strong></span> <span class='ocrx_word' id='word_1_201' title='bbox 572 1644 747 1696; x_wconf 87' lang='lat' dir='ltr'><strong>possent</strong></span> <span class='ocrx_word' id='word_1_202' title='bbox 788 1633 989 1677; x_wconf 85' lang='lat' dir='ltr'><strong>resistere</strong></span> <span class='ocrx_word' id='word_1_203' title='bbox 1028 1632 1230 1695; x_wconf 86' lang='lat' dir='ltr'><strong>reliquis,</strong></span> <span class='ocrx_word' id='word_1_204' title='bbox 1274 1635 1532 1696; x_wconf 86' lang='lat' dir='ltr'><strong>quibuscum</strong></span> <span class='ocrx_word' id='word_1_205' title='bbox 1580 1635 1720 1679; x_wconf 89' lang='lat' dir='ltr'><strong>adhuc</strong></span> <span class='ocrx_word' id='word_1_206' title='bbox 1761 1635 1931 1695; x_wconf 78' lang='lat' dir='ltr'><strong>integra</strong></span> <span class='ocrx_word' id='word_1_207' title='bbox 1976 1634 2063 1692; x_wconf 92' lang='lat' dir='ltr'><strong>ira,</strong></span> <span class='ocrx_word' id='word_1_208' title='bbox 2106 1636 2245 1681; x_wconf 89' lang='lat' dir='ltr'><strong>adhuc</strong></span> 
     </span>
     <span class='ocr_line' id='line_1_21' title="bbox 169 1709 2243 1773; baseline 0 -18"><span class='ocrx_word' id='word_1_209' title='bbox 169 1712 390 1773; x_wconf 85' lang='lat' dir='ltr'><strong>integrum</strong></span> <span class='ocrx_word' id='word_1_210' title='bbox 426 1720 519 1753; x_wconf 90' lang='lat' dir='ltr'><strong>erat</strong></span> <span class='ocrx_word' id='word_1_211' title='bbox 551 1709 728 1753; x_wconf 91' lang='lat' dir='ltr'><strong>bellum.</strong></span> <span class='ocrx_word' id='word_1_212' title='bbox 785 1709 934 1768; x_wconf 82' lang='lat' dir='ltr'><strong>Quam</strong></span> <span class='ocrx_word' id='word_1_213' title='bbox 970 1709 1154 1770; x_wconf 80' lang='lat' dir='ltr'><strong>gratiam</strong></span> <span class='ocrx_word' id='word_1_214' title='bbox 1189 1710 1382 1772; x_wconf 79' lang='lat' dir='ltr'><strong>profecto</strong></span> <span class='ocrx_word' id='word_1_215' title='bbox 1417 1710 1498 1753; x_wconf 89' lang='lat' dir='ltr'><strong>sibi</strong></span> <span class='ocrx_word' id='word_1_216' title='bbox 1534 1727 1620 1753; x_wconf 90' lang='lat' dir='ltr'><strong>non</strong></span> <span class='ocrx_word' id='word_1_217' title='bbox 1655 1710 1973 1765; x_wconf 86' lang='lat' dir='ltr'><strong>conciliassent,</strong></span> <span class='ocrx_word' id='word_1_218' title='bbox 2008 1709 2091 1753; x_wconf 91' lang='lat' dir='ltr'><strong>nisi</strong></span> <span class='ocrx_word' id='word_1_219' title='bbox 2120 1711 2243 1769; x_wconf 88' lang='lat' dir='ltr'><strong>fides,</strong></span> 
     </span>
     <span class='ocr_line' id='line_1_22' title="bbox 170 1784 2244 1848; baseline 0 -17"><span class='ocrx_word' id='word_1_220' title='bbox 170 1787 336 1848; x_wconf 85' lang='lat' dir='ltr'><strong>optima</strong></span> <span class='ocrx_word' id='word_1_221' title='bbox 377 1786 495 1847; x_wconf 87' lang='lat' dir='ltr'><strong>pacis</strong></span> <span class='ocrx_word' id='word_1_222' title='bbox 540 1785 835 1842; x_wconf 84' lang='lat' dir='ltr'><strong>conciliatrix,</strong></span> <span class='ocrx_word' id='word_1_223' title='bbox 877 1785 1193 1829; x_wconf 88' lang='lat' dir='ltr'><strong>intervenisset.</strong></span> <span class='ocrx_word' id='word_1_224' title='bbox 1264 1785 1366 1843; x_wconf 83' lang='lat' dir='ltr'><strong>Quo</strong></span> <span class='ocrx_word' id='word_1_225' title='bbox 1407 1786 1533 1847; x_wconf 90' lang='lat' dir='ltr'><strong>plura</strong></span> <span class='ocrx_word' id='word_1_226' title='bbox 1576 1786 1712 1846; x_wconf 87' lang='lat' dir='ltr'><strong>igitur</strong></span> <span class='ocrx_word' id='word_1_227' title='bbox 1752 1784 1866 1829; x_wconf 79' lang='lat' dir='ltr'><strong>bella</strong></span> <span class='ocrx_word' id='word_1_228' title='bbox 1906 1784 2143 1844; x_wconf 85' lang='lat' dir='ltr'><strong>gerebant,</strong></span> <span class='ocrx_word' id='word_1_229' title='bbox 2194 1805 2244 1831; x_wconf 92' lang='lat' dir='ltr'><strong>eo</strong></span> 
     </span>
     <span class='ocr_line' id='line_1_23' title="bbox 169 1858 2244 1922; baseline 0 -17"><span class='ocrx_word' id='word_1_230' title='bbox 169 1860 426 1917; x_wconf 84' lang='lat' dir='ltr'><strong>studiosius,</strong></span> <span class='ocrx_word' id='word_1_231' title='bbox 452 1871 500 1904; x_wconf 92' lang='lat' dir='ltr'><strong>ut</strong></span> <span class='ocrx_word' id='word_1_232' title='bbox 522 1859 621 1903; x_wconf 90' lang='lat' dir='ltr'><strong>fidei</strong></span> <span class='ocrx_word' id='word_1_233' title='bbox 645 1859 777 1916; x_wconf 80' lang='lat' dir='ltr'><strong>fama,</strong></span> <span class='ocrx_word' id='word_1_234' title='bbox 801 1875 889 1920; x_wconf 89' lang='lat' dir='ltr'><strong>qua</strong></span> <span class='ocrx_word' id='word_1_235' title='bbox 910 1858 1196 1903; x_wconf 75' lang='lat' dir='ltr'><strong>inclarescere</strong></span> <span class='ocrx_word' id='word_1_236' title='bbox 1218 1859 1464 1922; x_wconf 87' lang='lat' dir='ltr'><strong>cupiebant,</strong></span> <span class='ocrx_word' id='word_1_237' title='bbox 1489 1859 1603 1921; x_wconf 89' lang='lat' dir='ltr'><strong>apud</strong></span> <span class='ocrx_word' id='word_1_238' title='bbox 1626 1860 1732 1904; x_wconf 87' lang='lat' dir='ltr'><strong>alias</strong></span> <span class='ocrx_word' id='word_1_239' title='bbox 1755 1870 1905 1920; x_wconf 81' lang='lat' dir='ltr'><strong>gentes</strong></span> <span class='ocrx_word' id='word_1_240' title='bbox 1927 1858 2244 1922; x_wconf 84' lang='lat' dir='ltr'><strong>divulgaretur,</strong></span> 
     </span>
     <span class='ocr_line' id='line_1_24' title="bbox 168 1934 2245 1997; baseline 0 -19"><span class='ocrx_word' id='word_1_241' title='bbox 168 1936 395 1979; x_wconf 84' lang='lat' dir='ltr'><strong>curabant.</strong></span> <span class='ocrx_word' id='word_1_242' title='bbox 465 1935 617 1992; x_wconf 79' lang='lat' dir='ltr'><strong>Quum</strong></span> <span class='ocrx_word' id='word_1_243' title='bbox 651 1935 767 1977; x_wconf 92' lang='lat' dir='ltr'><strong>enim</strong></span> <span class='ocrx_word' id='word_1_244' title='bbox 802 1934 872 1976; x_wconf 91' lang='lat' dir='ltr'><strong>hic</strong></span> <span class='ocrx_word' id='word_1_245' title='bbox 905 1934 1094 1995; x_wconf 83' lang='lat' dir='ltr'><strong>populus</strong></span> <span class='ocrx_word' id='word_1_246' title='bbox 1135 1950 1287 1977; x_wconf 87' lang='lat' dir='ltr'><strong>omnes</strong></span> <span class='ocrx_word' id='word_1_247' title='bbox 1329 1946 1443 1978; x_wconf 69' lang='lat' dir='ltr'><strong>artes</strong></span> <span class='ocrx_word' id='word_1_248' title='bbox 1481 1936 1748 1995; x_wconf 88' lang='lat' dir='ltr'><strong>virtutesque</strong></span> <span class='ocrx_word' id='word_1_249' title='bbox 1783 1935 2081 1995; x_wconf 78' lang='lat' dir='ltr'><strong>imperatorias</strong></span> <span class='ocrx_word' id='word_1_250' title='bbox 2115 1935 2245 1997; x_wconf 83' lang='lat' dir='ltr'><strong>longe</strong></span> 
     </span>
     <span class='ocr_line' id='line_1_25' title="bbox 166 2008 2243 2071; baseline -0.001 -17"><span class='ocrx_word' id='word_1_251' title='bbox 166 2010 422 2070; x_wconf 80' lang='lat' dir='ltr'><strong>diligentius</strong></span> <span class='ocrx_word' id='word_1_252' title='bbox 455 2009 669 2071; x_wconf 70' lang='lat' dir='ltr'><strong>reciperet</strong></span> <span class='ocrx_word' id='word_1_253' title='bbox 700 2008 974 2069; x_wconf 85' lang='lat' dir='ltr'><strong>coleretque,</strong></span> <span class='ocrx_word' id='word_1_254' title='bbox 1018 2025 1147 2069; x_wconf 88' lang='lat' dir='ltr'><strong>quam</strong></span> <span class='ocrx_word' id='word_1_255' title='bbox 1191 2009 1300 2053; x_wconf 88' lang='lat' dir='ltr'><strong>aliae</strong></span> <span class='ocrx_word' id='word_1_256' title='bbox 1344 2020 1521 2070; x_wconf 86' lang='lat' dir='ltr'><strong>gentes,</strong></span> <span class='ocrx_word' id='word_1_257' title='bbox 1565 2009 1697 2069; x_wconf 82' lang='lat' dir='ltr'><strong>hujus</strong></span> <span class='ocrx_word' id='word_1_258' title='bbox 1737 2025 1908 2070; x_wconf 87' lang='lat' dir='ltr'><strong>quoque</strong></span> <span class='ocrx_word' id='word_1_259' title='bbox 1949 2009 2122 2053; x_wconf 90' lang='lat' dir='ltr'><strong>virtutis</strong></span> <span class='ocrx_word' id='word_1_260' title='bbox 2151 2026 2243 2052; x_wconf 83' lang='lat' dir='ltr'><strong>-non</strong></span> 
     </span>
     <span class='ocr_line' id='line_1_26' title="bbox 170 2083 2243 2147; baseline -0.001 -17"><span class='ocrx_word' id='word_1_261' title='bbox 170 2085 397 2147; x_wconf 83' lang='lat' dir='ltr'><strong>negligens</strong></span> <span class='ocrx_word' id='word_1_262' title='bbox 439 2083 688 2141; x_wconf 82' lang='lat' dir='ltr'><strong>contendit,</strong></span> <span class='ocrx_word' id='word_1_263' title='bbox 743 2094 792 2127; x_wconf 92' lang='lat' dir='ltr'><strong>ut</strong></span> <span class='ocrx_word' id='word_1_264' title='bbox 845 2094 1011 2128; x_wconf 87' lang='lat' dir='ltr'><strong>ceterae</strong></span> <span class='ocrx_word' id='word_1_265' title='bbox 1062 2094 1212 2145; x_wconf 83' lang='lat' dir='ltr'><strong>gentes</strong></span> <span class='ocrx_word' id='word_1_266' title='bbox 1264 2084 1360 2145; x_wconf 84' lang='lat' dir='ltr'><strong>ejus</strong></span> <span class='ocrx_word' id='word_1_267' title='bbox 1411 2083 1540 2129; x_wconf 84' lang='lat' dir='ltr'><strong>fidem</strong></span> <span class='ocrx_word' id='word_1_268' title='bbox 1586 2083 1867 2129; x_wconf 87' lang='lat' dir='ltr'><strong>celebrarent.</strong></span> <span class='ocrx_word' id='word_1_269' title='bbox 1937 2084 2088 2145; x_wconf 84' lang='lat' dir='ltr'><strong>ltaque</strong></span> <span class='ocrx_word' id='word_1_270' title='bbox 2129 2083 2243 2146; x_wconf 86' lang='lat' dir='ltr'><strong>apud</strong></span> 
     </span>
     <span class='ocr_line' id='line_1_27' title="bbox 173 2158 2240 2222; baseline -0.001 -18"><span class='ocrx_word' id='word_1_271' title='bbox 173 2160 364 2204; x_wconf 75' lang='lat' dir='ltr'><strong>Gellium</strong></span> <span class='ocrx_word' id='word_1_272' title='bbox 396 2160 529 2203; x_wconf 79' lang='lat' dir='ltr'><strong>Nocl.</strong></span> <span class='ocrx_word' id='word_1_273' title='bbox 568 2158 709 2203; x_wconf 73' lang='lat' dir='ltr'><strong>Attio.</strong></span> <span class='ocrx_word' id='word_1_274' title='bbox 748 2158 824 2201; x_wconf 86' lang='lat' dir='ltr'><strong>lib.</strong></span> <span class='ocrx_word' id='word_1_275' title='bbox 850 2159 956 2201; x_wconf 87' lang='lat' dir='ltr'><strong>XX.</strong></span> <span class='ocrx_word' id='word_1_276' title='bbox 984 2174 1076 2220; x_wconf 90' lang='lat' dir='ltr'><strong>cap.</strong></span> <span class='ocrx_word' id='word_1_277' title='bbox 1104 2160 1140 2201; x_wconf 88' lang='lat' dir='ltr'><strong>l.</strong></span> <span class='ocrx_word' id='word_1_278' title='bbox 1167 2158 1324 2222; x_wconf 78' lang='lat' dir='ltr'><strong>Sextus</strong></span> <span class='ocrx_word' id='word_1_279' title='bbox 1348 2159 1565 2202; x_wconf 87' lang='lat' dir='ltr'><strong>Caecilius</strong></span> <span class='ocrx_word' id='word_1_280' title='bbox 1588 2159 1806 2202; x_wconf 81' lang='lat' dir='ltr'><strong>Favorino</strong></span> <span class='ocrx_word' id='word_1_281' title='bbox 1829 2158 2086 2220; x_wconf 82' lang='lat' dir='ltr'><strong>philosopho</strong></span> <span class='ocrx_word' id='word_1_282' title='bbox 2109 2158 2240 2201; x_wconf 88' lang='lat' dir='ltr'><strong>dicit:</strong></span> 
     </span>
     <span class='ocr_line' id='line_1_28' title="bbox 171 2234 2244 2297; baseline -0.001 -18"><span class='ocrx_word' id='word_1_283' title='bbox 171 2238 405 2292; x_wconf 79' lang='lat' dir='ltr'><strong>„omnibus</strong></span> <span class='ocrx_word' id='word_1_284' title='bbox 437 2237 609 2297; x_wconf 78' lang='lat' dir='ltr'><strong>quidem</strong></span> <span class='ocrx_word' id='word_1_285' title='bbox 644 2237 849 2278; x_wconf 66' lang='lat' dir='ltr'><strong>virtumm</strong></span> <span class='ocrx_word' id='word_1_286' title='bbox 880 2237 1110 2295; x_wconf 70' lang='lat' dir='ltr'><strong>qemibus</strong></span> <span class='ocrx_word' id='word_1_287' title='bbox 1140 2235 1392 2277; x_wconf 75' lang='lat' dir='ltr'><strong>exercendis</strong></span> <span class='ocrx_word' id='word_1_288' title='bbox 1433 2235 1706 2294; x_wconf 72' lang='lat' dir='ltr'><strong>colendisque</strong></span> <span class='ocrx_word' id='word_1_289' title='bbox 1740 2234 1931 2293; x_wconf 70' lang='lat' dir='ltr'><strong>populus</strong></span> <span class='ocrx_word' id='word_1_290' title='bbox 1960 2234 2189 2277; x_wconf 68' lang='lat' dir='ltr'><strong>Romanus</strong></span> <span class='ocrx_word' id='word_1_291' title='bbox 2220 2250 2244 2277; x_wconf 91' lang='lat' dir='ltr'><strong>e</strong></span> 
     </span>
     <span class='ocr_line' id='line_1_29' title="bbox 165 2309 2244 2371; baseline -0.001 -17"><span class='ocrx_word' id='word_1_292' title='bbox 165 2327 309 2370; x_wconf 79' lang='lat' dir='ltr'><strong>parva</strong></span> <span class='ocrx_word' id='word_1_293' title='bbox 342 2312 508 2371; x_wconf 72' lang='lat' dir='ltr'><strong>oriyine</strong></span> <span class='ocrx_word' id='word_1_294' title='bbox 542 2312 603 2353; x_wconf 85' lang='lat' dir='ltr'><strong>ad</strong></span> <span class='ocrx_word' id='word_1_295' title='bbox 634 2317 781 2354; x_wconf 75' lang='lat' dir='ltr'><strong>tantae</strong></span> <span class='ocrx_word' id='word_1_296' title='bbox 814 2309 1114 2368; x_wconf 72' lang='lat' dir='ltr'><strong>amplitudinis</strong></span> <span class='ocrx_word' id='word_1_297' title='bbox 1147 2310 1286 2352; x_wconf 70' lang='lat' dir='ltr'><strong>instar</strong></span> <span class='ocrx_word' id='word_1_298' title='bbox 1317 2310 1511 2363; x_wconf 81' lang='lat' dir='ltr'><strong>emicuit,</strong></span> <span class='ocrx_word' id='word_1_299' title='bbox 1556 2310 1632 2351; x_wconf 75' lang='lat' dir='ltr'><strong>sed</strong></span> <span class='ocrx_word' id='word_1_300' title='bbox 1673 2311 1861 2352; x_wconf 78' lang='lat' dir='ltr'><strong>omnium</strong></span> <span class='ocrx_word' id='word_1_301' title='bbox 1899 2310 2083 2351; x_wconf 81' lang='lat' dir='ltr'><strong>maxime</strong></span> <span class='ocrx_word' id='word_1_302' title='bbox 2115 2317 2244 2370; x_wconf 78' lang='lat' dir='ltr'><strong>alque</strong></span> 
     </span>
     <span class='ocr_line' id='line_1_30' title="bbox 163 2383 2241 2446; baseline -0.001 -17"><span class='ocrx_word' id='word_1_303' title='bbox 163 2387 402 2446; x_wconf 71' lang='lat' dir='ltr'><strong>praecipue</strong></span> <span class='ocrx_word' id='word_1_304' title='bbox 429 2385 563 2446; x_wconf 78' lang='lat' dir='ltr'><strong>fidem</strong></span> <span class='ocrx_word' id='word_1_305' title='bbox 597 2384 731 2428; x_wconf 59' lang='lat' dir='ltr'><strong>what</strong></span> <span class='ocrx_word' id='word_1_306' title='bbox 760 2390 1042 2444; x_wconf 62' lang='lat' dir='ltr'><strong>unocunque</strong></span> <span class='ocrx_word' id='word_1_307' title='bbox 1075 2384 1227 2427; x_wconf 65' lang='lat' dir='ltr'><strong>habuit</strong></span> <span class='ocrx_word' id='word_1_308' title='bbox 1259 2390 1347 2427; x_wconf 79' lang='lat' dir='ltr'><strong>tam</strong></span> <span class='ocrx_word' id='word_1_309' title='bbox 1376 2384 1582 2443; x_wconf 74' lang='lat' dir='ltr'><strong>privatim</strong></span> <span class='ocrx_word' id='word_1_310' title='bbox 1615 2399 1745 2444; x_wconf 84' lang='lat' dir='ltr'><strong>quam</strong></span> <span class='ocrx_word' id='word_1_311' title='bbox 1774 2383 2003 2443; x_wconf 76' lang='lat' dir='ltr'><strong>publice.’&#39;</strong></span> <span class='ocrx_word' id='word_1_312' title='bbox 2068 2383 2241 2442; x_wconf 81' lang='lat' dir='ltr'><strong>Quibus</strong></span> 
     </span>
     <span class='ocr_line' id='line_1_31' title="bbox 165 2457 2242 2523; baseline -0.002 -18"><span class='ocrx_word' id='word_1_313' title='bbox 165 2459 432 2523; x_wconf 84' lang='lat' dir='ltr'><strong>praemissis,</strong></span> <span class='ocrx_word' id='word_1_314' title='bbox 467 2475 605 2521; x_wconf 89' lang='lat' dir='ltr'><strong>pauca</strong></span> <span class='ocrx_word' id='word_1_315' title='bbox 636 2458 862 2502; x_wconf 68' lang='lat' dir='ltr'><strong>videamus</strong></span> <span class='ocrx_word' id='word_1_316' title='bbox 896 2457 1109 2519; x_wconf 84' lang='lat' dir='ltr'><strong>exempla,</strong></span> <span class='ocrx_word' id='word_1_317' title='bbox 1145 2475 1330 2519; x_wconf 90' lang='lat' dir='ltr'><strong>quorum</strong></span> <span class='ocrx_word' id='word_1_318' title='bbox 1366 2458 1582 2520; x_wconf 81' lang='lat' dir='ltr'><strong>permulta</strong></span> <span class='ocrx_word' id='word_1_319' title='bbox 1613 2475 1748 2520; x_wconf 87' lang='lat' dir='ltr'><strong>eaque</strong></span> <span class='ocrx_word' id='word_1_320' title='bbox 1783 2459 1971 2502; x_wconf 84' lang='lat' dir='ltr'><strong>illustria</strong></span> <span class='ocrx_word' id='word_1_321' title='bbox 1995 2459 2038 2502; x_wconf 92' lang='lat' dir='ltr'><strong>in</strong></span> <span class='ocrx_word' id='word_1_322' title='bbox 2061 2458 2242 2501; x_wconf 87' lang='lat' dir='ltr'><strong>historia</strong></span> 
     </span>
     <span class='ocr_line' id='line_1_32' title="bbox 163 2534 619 2595; baseline -0.004 -16"><span class='ocrx_word' id='word_1_323' title='bbox 163 2537 366 2579; x_wconf 82' lang='lat' dir='ltr'><strong>Romana</strong></span> <span class='ocrx_word' id='word_1_324' title='bbox 399 2534 619 2595; x_wconf 85' lang='lat' dir='ltr'><strong>leguntur.</strong></span> 
     </span>
    </p>

    <p class='ocr_par' dir='ltr' id='par_1_4' title="bbox 143 2606 2239 3046">
     <span class='ocr_line' id='line_1_33' title="bbox 354 2606 2239 2669; baseline -0.001 -15"><span class='ocrx_word' id='word_1_325' title='bbox 354 2610 418 2654; x_wconf 81' lang='lat' dir='ltr'><strong>M.</strong></span> <span class='ocrx_word' id='word_1_326' title='bbox 464 2609 589 2654; x_wconf 84' lang='lat' dir='ltr'><strong>Atilii</strong></span> <span class='ocrx_word' id='word_1_327' title='bbox 624 2607 786 2669; x_wconf 87' lang='lat' dir='ltr'><strong>Reguli</strong></span> <span class='ocrx_word' id='word_1_328' title='bbox 826 2606 955 2651; x_wconf 88' lang='lat' dir='ltr'><strong>fidem</strong></span> <span class='ocrx_word' id='word_1_329' title='bbox 992 2607 1427 2669; x_wconf 83' lang='lat' dir='ltr'><strong>Carthaginiensibus</strong></span> <span class='ocrx_word' id='word_1_330' title='bbox 1459 2619 1699 2667; x_wconf 86' lang='lat' dir='ltr'><strong>servatam,</strong></span> <span class='ocrx_word' id='word_1_331' title='bbox 1745 2625 1914 2653; x_wconf 85' lang='lat' dir='ltr'><strong>summa</strong></span> <span class='ocrx_word' id='word_1_332' title='bbox 1956 2606 2239 2652; x_wconf 85' lang='lat' dir='ltr'><strong>admiratione</strong></span> 
     </span>
     <span class='ocr_line' id='line_1_34' title="bbox 167 2681 2239 2746; baseline -0.002 -18"><span class='ocrx_word' id='word_1_333' title='bbox 167 2696 313 2730; x_wconf 69' lang='lat' dir='ltr'><strong>nostra</strong></span> <span class='ocrx_word' id='word_1_334' title='bbox 344 2685 542 2746; x_wconf 83' lang='lat' dir='ltr'><strong>dignam,</strong></span> <span class='ocrx_word' id='word_1_335' title='bbox 577 2684 659 2746; x_wconf 91' lang='lat' dir='ltr'><strong>ipsi</strong></span> <span class='ocrx_word' id='word_1_336' title='bbox 691 2699 797 2728; x_wconf 89' lang='lat' dir='ltr'><strong>vero</strong></span> <span class='ocrx_word' id='word_1_337' title='bbox 833 2681 1024 2740; x_wconf 82' lang='lat' dir='ltr'><strong>fatalem,</strong></span> <span class='ocrx_word' id='word_1_338' title='bbox 1059 2700 1193 2745; x_wconf 91' lang='lat' dir='ltr'><strong>quum</strong></span> <span class='ocrx_word' id='word_1_339' title='bbox 1229 2700 1297 2727; x_wconf 86' lang='lat' dir='ltr'><strong>res</strong></span> <span class='ocrx_word' id='word_1_340' title='bbox 1331 2693 1434 2727; x_wconf 91' lang='lat' dir='ltr'><strong>nota</strong></span> <span class='ocrx_word' id='word_1_341' title='bbox 1460 2683 1517 2727; x_wconf 88' lang='lat' dir='ltr'><strong>sit</strong></span> <span class='ocrx_word' id='word_1_342' title='bbox 1539 2683 1758 2740; x_wconf 89' lang='lat' dir='ltr'><strong>omnibus,</strong></span> <span class='ocrx_word' id='word_1_343' title='bbox 1793 2681 2094 2727; x_wconf 84' lang='lat' dir='ltr'><strong>tantummodo</strong></span> <span class='ocrx_word' id='word_1_344' title='bbox 2117 2683 2239 2744; x_wconf 86' lang='lat' dir='ltr'><strong>quasi</strong></span> 
     </span>
     <span class='ocr_line' id='line_1_35' title="bbox 143 2757 2235 2823; baseline -0.001 -20"><span class='ocrx_word' id='word_1_345' title='bbox 143 2761 427 2823; x_wconf 19' lang='lat' dir='ltr'><strong>vffmeteriens</strong></span> <span class='ocrx_word' id='word_1_346' title='bbox 461 2774 771 2803; x_wconf 85' lang='lat' dir='ltr'><strong>commemoro.</strong></span> <span class='ocrx_word' id='word_1_347' title='bbox 842 2758 1043 2802; x_wconf 80' lang='lat' dir='ltr'><strong>Conferri</strong></span> <span class='ocrx_word' id='word_1_348' title='bbox 1078 2758 1131 2802; x_wconf 91' lang='lat' dir='ltr'><strong>de</strong></span> <span class='ocrx_word' id='word_1_349' title='bbox 1165 2774 1216 2801; x_wconf 84' lang='lat' dir='ltr'><strong>ea</strong></span> <span class='ocrx_word' id='word_1_350' title='bbox 1248 2768 1389 2820; x_wconf 89' lang='lat' dir='ltr'><strong>potest</strong></span> <span class='ocrx_word' id='word_1_351' title='bbox 1424 2758 1517 2802; x_wconf 83' lang='lat' dir='ltr'><strong>Cic.</strong></span> <span class='ocrx_word' id='word_1_352' title='bbox 1552 2758 1604 2803; x_wconf 88' lang='lat' dir='ltr'><strong>dc</strong></span> <span class='ocrx_word' id='word_1_353' title='bbox 1629 2757 1758 2802; x_wconf 78' lang='lat' dir='ltr'><strong>Offic.</strong></span> <span class='ocrx_word' id='word_1_354' title='bbox 1786 2758 1860 2802; x_wconf 88' lang='lat' dir='ltr'><strong>lib.</strong></span> <span class='ocrx_word' id='word_1_355' title='bbox 1888 2759 1970 2802; x_wconf 81' lang='grc' dir='ltr'><strong>ΙΙΙ.</strong></span> <span class='ocrx_word' id='word_1_356' title='bbox 1997 2775 2035 2800; x_wconf 93' lang='lat' dir='ltr'><strong>c.</strong></span> <span class='ocrx_word' id='word_1_357' title='bbox 2060 2758 2235 2800; x_wconf 72' lang='lat' dir='ltr'><strong>XXVI.</strong></span> 
     </span>
     <span class='ocr_line' id='line_1_36' title="bbox 163 2833 2237 2896; baseline 0 -21"><span class='ocrx_word' id='word_1_358' title='bbox 163 2833 311 2893; x_wconf 72' lang='lat' dir='ltr'><strong>Magis</strong></span> <span class='ocrx_word' id='word_1_359' title='bbox 341 2835 586 2890; x_wconf 83' lang='lat' dir='ltr'><strong>historicis,</strong></span> <span class='ocrx_word' id='word_1_360' title='bbox 629 2851 758 2896; x_wconf 86' lang='lat' dir='ltr'><strong>quam</strong></span> <span class='ocrx_word' id='word_1_361' title='bbox 801 2834 936 2894; x_wconf 83' lang='lat' dir='ltr'><strong>vulgo</strong></span> <span class='ocrx_word' id='word_1_362' title='bbox 981 2845 1131 2877; x_wconf 88' lang='lat' dir='ltr'><strong>notum</strong></span> <span class='ocrx_word' id='word_1_363' title='bbox 1174 2844 1239 2876; x_wconf 86' lang='lat' dir='ltr'><strong>est</strong></span> <span class='ocrx_word' id='word_1_364' title='bbox 1272 2835 1321 2876; x_wconf 89' lang='lat' dir='ltr'><strong>P.</strong></span> <span class='ocrx_word' id='word_1_365' title='bbox 1360 2833 1578 2894; x_wconf 82' lang='lat' dir='ltr'><strong>Scipionis</strong></span> <span class='ocrx_word' id='word_1_366' title='bbox 1610 2833 1808 2876; x_wconf 76' lang='lat' dir='ltr'><strong>Africani</strong></span> <span class='ocrx_word' id='word_1_367' title='bbox 1841 2835 2025 2894; x_wconf 85' lang='lat' dir='ltr'><strong>Majoris</strong></span> <span class='ocrx_word' id='word_1_368' title='bbox 2060 2833 2237 2889; x_wconf 71' lang='lat' dir='ltr'><strong>factum,</strong></span> 
     </span>
     <span class='ocr_line' id='line_1_37' title="bbox 167 2907 2234 2970; baseline 0 -19"><span class='ocrx_word' id='word_1_369' title='bbox 167 2907 280 2967; x_wconf 77' lang='lat' dir='ltr'><strong>quod</strong></span> <span class='ocrx_word' id='word_1_370' title='bbox 314 2924 366 2951; x_wconf 78' lang='lat' dir='ltr'><strong>ex</strong></span> <span class='ocrx_word' id='word_1_371' title='bbox 397 2910 513 2954; x_wconf 80' lang='lat' dir='ltr'><strong>Livii</strong></span> <span class='ocrx_word' id='word_1_372' title='bbox 547 2910 623 2954; x_wconf 87' lang='lat' dir='ltr'><strong>lib.</strong></span> <span class='ocrx_word' id='word_1_373' title='bbox 660 2909 929 2953; x_wconf 77' lang='lat' dir='ltr'><strong>XXXVIII.</strong></span> <span class='ocrx_word' id='word_1_374' title='bbox 967 2909 1093 2953; x_wconf 75' lang='lat' dir='ltr'><strong>affert</strong></span> <span class='ocrx_word' id='word_1_375' title='bbox 1130 2908 1336 2953; x_wconf 70' lang='lat' dir='ltr'><strong>Valerius</strong></span> <span class='ocrx_word' id='word_1_376' title='bbox 1369 2908 1594 2951; x_wconf 70' lang='lat' dir='ltr'><strong>Maximus</strong></span> <span class='ocrx_word' id='word_1_377' title='bbox 1627 2907 1701 2951; x_wconf 85' lang='lat' dir='ltr'><strong>lib.</strong></span> <span class='ocrx_word' id='word_1_378' title='bbox 1737 2909 1819 2952; x_wconf 84' lang='lat' dir='ltr'><strong>vl.</strong></span> <span class='ocrx_word' id='word_1_379' title='bbox 1862 2907 2103 2953; x_wconf 85' lang='lat' dir='ltr'><strong>Memorab.</strong></span> <span class='ocrx_word' id='word_1_380' title='bbox 2140 2924 2234 2970; x_wconf 84' lang='lat' dir='ltr'><strong>cap.</strong></span> 
     </span>
     <span class='ocr_line' id='line_1_38' title="bbox 164 2981 2238 3046; baseline 0 -19"><span class='ocrx_word' id='word_1_381' title='bbox 164 2981 247 3027; x_wconf 77' lang='lat' dir='ltr'><strong>VI.</strong></span> <span class='ocrx_word' id='word_1_382' title='bbox 283 3000 326 3027; x_wconf 86' lang='lat' dir='ltr'><strong>n.</strong></span> <span class='ocrx_word' id='word_1_383' title='bbox 354 2982 435 3026; x_wconf 75' lang='lat' dir='ltr'><strong>lv,</strong></span> <span class='ocrx_word' id='word_1_384' title='bbox 507 2984 549 3027; x_wconf 82' lang='lat' dir='ltr'><strong>Is</strong></span> <span class='ocrx_word' id='word_1_385' title='bbox 582 2985 726 3041; x_wconf 81' lang='lat' dir='ltr'><strong>enim,</strong></span> <span class='ocrx_word' id='word_1_386' title='bbox 772 3001 905 3046; x_wconf 90' lang='lat' dir='ltr'><strong>quum</strong></span> <span class='ocrx_word' id='word_1_387' title='bbox 941 3001 1095 3029; x_wconf 86' lang='lat' dir='ltr'><strong>navem</strong></span> <span class='ocrx_word' id='word_1_388' title='bbox 1130 2982 1280 3028; x_wconf 88' lang='lat' dir='ltr'><strong>multis</strong></span> <span class='ocrx_word' id='word_1_389' title='bbox 1313 2994 1356 3026; x_wconf 89' lang='lat' dir='ltr'><strong>et</strong></span> <span class='ocrx_word' id='word_1_390' title='bbox 1389 2983 1631 3027; x_wconf 74' lang='lat' dir='ltr'><strong>illustn’lms</strong></span> <span class='ocrx_word' id='word_1_391' title='bbox 1666 2983 2099 3044; x_wconf 80' lang='lat' dir='ltr'><strong>Carthaginiensibus</strong></span> <span class='ocrx_word' id='word_1_392' title='bbox 2130 2984 2238 3033; x_wconf 84' lang='lat' dir='ltr'><strong>viris</strong></span> 
     </span>
    </p>
   </div>
  </div>
 </body>
</html>
