2461 3274
2130 142 2188 185 17

1142 207 1158 235 ὲ

107 268 358 329 praesuret.
428 256 478 300 ld
512 272 615 303 vero
651 257 836 302 maxime
871 273 962 300 rem
986 252 1241 302 Romanam
1269 256 1405 316 juvit,
1435 256 1556 316 *quod
1590 256 1671 300 hoc
1705 258 1835 300 modo
1870 258 2062 302 hostium
2096 262 2184 302 ani-

104 354 202 382 mus
234 338 362 394 σῶμ
395 332 559 375 cencius
592 342 635 375 et
668 348 765 392 spes
798 331 851 375 de
883 332 1066 376 victoria
1099 341 1307 392 concepta
1341 340 1490 392 erepta
1518 342 1594 375 est.
1644 331 1850 377 Ceterum
1887 333 2002 378 inter
2034 350 2185 378 omnes

104 415 288 466 nonnas,
321 410 533 470 quantum
563 405 754 464 intersit,
790 405 972 452 militem
1007 406 1163 453 babeas
1197 405 1465 462 animosum,
1491 420 1559 448 -an
1594 405 1784 451 bostium
1819 417 1938 453 metu
1975 423 2077 452 vero
2110 419 2185 452 aut

105 481 536 546 vunovaemnlsum.
604 482 736 524 Hunc
786 483 982 524 animum
1033 481 1449 545 fortem-Romanis
1507 482 1735 524 commodo
1789 483 1922 526 fuisse
1976 486 2183 540 maximo,

103 557 326 605 mmihi
361 558 560 611 Poenus,
605 556 691 599 dux
725 556 975 617 ceteroquin
1010 557 1267 601 exercitatus
1301 554 1638 614 animosusque,
1674 555 1812 602 docet.
1882 558 1926 602 Is
1959 575 2095 620 quum
2130 559 2183 603 ad

105 632 277 681 moenia
308 630 430 676 urbis
459 631 625 676 Romae
659 638 851 675 armatus
874 629 1043 674 sederet
1075 640 1203 693 atque
1237 629 1400 674 milites
1434 627 1515 672 sub
1550 630 1718 673 vexillis
1752 633 1795 674 in
1830 632 2183 696 supplementum

104 706 342 771 Hispaniae
376 705 619 767 profectos,
663 706 852 767 itemque
886 721 1070 766 agrum,
1113 707 1154 747 in
1190 722 1277 767 quo
1311 715 1417 747 tunc
1451 713 1593 745 castra
1627 705 1827 762 baberet,
1872 710 2008 752 veteri
2042 710 2183 770 pretio

105 787 321 827 emtorem
349 781 564 824 invenisse
599 780 863 835 audivisset,
908 797 1028 840 spem
1073 781 1193 825 urbis
1227 779 1461 841 capiendae
1495 778 1654 839 abjecit
1688 791 1730 824 et
1762 782 1908 826 statim
1944 795 2084 829 castra
2118 802 2183 828 re-

105 856 228 913 tulit,
266 854 402 899 Livio
435 854 510 900 lib.
548 853 723 898 XXVI.
761 870 854 916 cap.
891 854 975 898 XI.
1022 865 1238 899 narrante.
1309 853 1478 898 Eodem
1527 854 1711 899 consilio
1755 854 1903 918 Scipio
1947 857 2181 903 Africanus

103 930 394 994 speculatores
427 928 689 972 Hannibalis
724 929 768 970 in
793 929 955 982 ¹castris
989 929 1280 989 deprehensos
1323 940 1366 972 et
1408 929 1462 972 ad
1512 930 1823 989 scperductos
1858 949 1936 975 nec
1969 935 2181 994 supplicio

104 1006 262 1060 affecit,
298 1021 376 1048 nec
410 1004 463 1047 de
496 1003 689 1047 consiliis
720 1020 772 1046 ac
800 1002 977 1047 vviribus
1011 1005 1258 1047 Poenorum
1294 1012 1600 1063 percunctatus
1634 1014 1723 1060 est,
1766 1005 1841 1050 sed
1884 1008 2000 1050 circa
2033 1024 2182 1052 omnes

103 1077 349 1142 manipulos
392 1076 724 1140 diligentissime
766 1075 1040 1120 deducendos
1084 1077 1265 1121 curavit.
1335 1077 1404 1119 De
1448 1093 1535 1139 quo
1581 1093 1739 1137 magno
1783 1080 1930 1123 animo
1964 1082 2183 1124 Valerius

104 1156 236 1199 Max.
273 1154 518 1197 Memorab.
546 1154 622 1195 lib.
652 1154 735 1195 111.
762 1168 855 1212 cap.
883 1153 988 1195 Vll.
1027 1154 1087 1195 ita
1113 1153 1303 1211 judicat:
1343 1154 1488 1209 „Quo
1523 1162 1610 1195 tam
1641 1156 1775 1212 pleno
1802 1157 1996 1216 fiduciae
2027 1160 2182 1216 spiritu

102 1231 227 1290 pn'us
259 1230 426 1272 animos
458 1228 658 1288 hostium,
694 1242 824 1289 quam
857 1244 1000 1282 arma,
1037 1226 1283 1280 caritudit,”
1316 1236 1357 1270 et
1392 1227 1545 1270 Livius
1578 1227 1653 1271 lib·
1684 1229 1839 1273 XXX.
1876 1248 1969 1293 cap.
1998 1232 2177 1275 XXIX.

102 1315 248 1369 aperte
282 1303 412 1360 dicit,
456 1302 749 1347 Hannibalem
785 1303 893 1347 nihil
928 1303 1102 1366 quidem
1138 1319 1315 1359 eorum,
1359 1318 1469 1364 quae
1505 1303 1843 1361 nuntiabantur,
1884 1306 1997 1350 laeto
2032 1309 2179 1351 animo

105 1380 337 1434 audivisse,
373 1381 559 1421 maxime
591 1380 722 1421 hastas
749 1380 934 1440 fiducia,
972 1395 1084 1439 quae
1118 1395 1203 1421 non
1236 1379 1291 1420 de
1325 1378 1462 1420 nihilo
1491 1379 1692 1438 profecto
1726 1390 1932 1441 concepta
1966 1392 2044 1438 est,
2076 1400 2178 1442 per-

103 1455 283 1498 milen-e.
353 1455 415 1497 At
447 1470 527 1497 cur
559 1452 745 1515 populus
779 1455 1005 1498 Romanus
1039 1453 1248 1497 auxilium
1283 1463 1326 1497 et
1367 1468 1553 1496 munera
1594 1453 1676 1498 sibi
1710 1456 1764 1499 ab
1798 1456 1894 1501 aliis
1928 1457 2073 1501 oblata
2106 1468 2182 1501 aut

101 1530 229 1592 plane
262 1529 441 1591 sprevit,
476 1538 551 1571 aut
584 1528 737 1573 saltem
771 1527 964 1572 modeste
988 1527 1204 1571 interdum
1229 1527 1426 1588 accepit?
1472 1528 1648 1572 Utilitas
1673 1529 1756 1574 fuit
1778 1548 1954 1592 magna,
1990 1532 2147 1593 quod
2136 1549 2180 1575 m

101 1615 292 1648 extrema
334 1603 578 1647 calamitate
629 1619 751 1664 spem
793 1602 982 1664 aliquam
1028 1603 1072 1645 in
1118 1602 1258 1645 aliena
1298 1618 1381 1662 ope
1425 1617 1587 1661 ponere
1631 1615 1846 1664 poterant.
1916 1606 2019 1664 Quo
2062 1607 2179 1650 enim

100 1679 313 1740 promtius
347 1678 421 1721 alii
455 1677 667 1721 Romanis
701 1677 1043 1737 opitulabantur,
1079 1695 1129 1721 eo
1165 1676 1430 1720 moderatius
1456 1676 1647 1720 Romani
1683 1680 1887 1739 agebant,
1923 1681 2179 1742 plerumque

101 1752 209 1797 nibil
242 1751 392 1796 auxilii
426 1762 501 1796 aut
533 1752 686 1796 saltem
722 1768 808 1796 non
845 1752 1032 1797 multum
1067 1751 1325 1813 accipientes
1362 1760 1404 1794 et
1436 1750 1664 1812 vicissim,
1698 1770 1786 1816 quo
1822 1755 2060 1809 modestius
2094 1757 2181 1800 Ro-

100 1827 217 1871 mani
251 1826 462 1870 auxilium
497 1826 689 1869 oblatum
726 1827 1010 1888 accipiebant,
1045 1843 1095 1869 eo
1131 1827 1345 1887 promtius
1379 1836 1422 1868 et
1445 1826 1568 1886 quasi
1595 1830 1791 1872 certatim
1816 1831 1889 1873 alii
1914 1832 2179 1887 offerebant3

100 1918 222 1945 suam
257 1902 439 1962 quisque
473 1901 740 1944 voluntatem
776 1918 881 1962 erga
914 1901 1125 1962 populum
1160 1901 1514 1961 potentissimum
1549 1902 1776 1947 ostendere
1799 1905 1954 1962 voluit,
1990 1923 2075 1967 quo
2100 1906 2180 1950 sub

99 1976 194 2036 ejus
237 1975 371 2020 tutela
414 1975 549 2019 tutius
584 1975 805 2036 quiescere
838 1986 997 2036 posset.
1078 1975 1229 2036 Itaque
1273 1975 1442 2031 evenit,
1491 1985 1565 2030 ut,
1613 1978 1956 2041 quotiescunque
1990 1981 2178 2024 Romani

99 2050 229 2094 alieni
264 2050 412 2094 auxilii
448 2049 722 2111 indigebant,
767 2066 938 2111 semper
977 2049 1184 2092 baberent
1227 2050 1270 2090 in
1314 2059 1514 2110 promtu,
1561 2050 1680 2109 quod
1726 2053 1793 2095 vel
1836 2055 2076 2116 reciperent
2109 2056 2178 2099 vel

99 2129 366 2186 respuerent.
433 2127 531 2169 Hae
574 2136 696 2168 erant
730 2125 828 2168 illae
861 2136 975 2168 artes
1009 2124 1252 2180 modestae,
1296 2124 1453 2184 quibus
1488 2128 1747 2186 consequuti
1783 2141 1909 2185 sunt,
1955 2142 2028 2187 ut,
2073 2149 2178 2192 qua-

99 2217 269 2262 cunque
313 2199 487 2246 fortuna
522 2198 780 2257 utebantur,
825 2216 996 2262 semper
1038 2208 1180 2244 tamen
1228 2197 1435 2243 haberent
1475 2197 1692 2258 subsidia,
1737 2201 1897 2265 quibus
1942 2203 2176 2268 imperium

99 2276 347 2318 Romanum
383 2292 434 2318 ex
468 2275 661 2337 periculo
701 2285 776 2318 aut
808 2276 938 2317 exitio
973 2276 1188 2336 eriperent
1220 2284 1261 2316 et
1295 2275 1512 2317 incolume
1546 2288 1785 2321 servarent.

291 2351 439 2393 Animi
464 2349 763 2410 magnitudine
787 2360 1026 2411 perspecta,
1056 2359 1324 2392 transeamus
1348 2348 1402 2392 ad
1427 2352 1711 2394 connstante‘am
1734 2354 1779 2396 in
1804 2355 1930 2398 rebus
1961 2357 2172 2411 adversis,

99 2424 302 2468 virtutem
339 2423 672 2480 nobilissimam,
707 2424 900 2485 tantique
934 2423 1082 2485 populi
1118 2423 1260 2467 studio
1289 2423 1484 2484 dignam,
1520 2424 1783 2485 reipublicae
1819 2445 1996 2491 quoque
2032 2444 2173 2475 neces-

100 2498 283 2541 sau-iam.-
318 2499 511 2558 Dignam
536 2499 730 2559 inquam,
755 2498 858 2558 quia
881 2515 1087 2558 magnum
1112 2498 1322 2559 populum
1342 2498 1449 2540 nihil
1469 2499 1608 2557 magis
1627 2499 1821 2558 dedecet,
1841 2519 1974 2564 quam
1992 2507 2173 2566 turpiter

99 2571 142 2615 in
166 2571 296 2617 rebus
327 2571 519 2616 adversis
549 2572 793 2634 desperare,
829 2589 963 2634 quum
987 2572 1120 2616 animi
1145 2572 1300 2632 abjecti
1324 2573 1396 2628 sit,
1430 2572 1630 2617 melioris.
1650 2573 1849 2621 fortunae
1873 2595 2013 2640 spem,
2048 2578 2172 2623 malis

97 2646 405 2706 gliscentibus,
452 2647 567 2691 illico
603 2646 795 2709 perdere.
864 2647 1119 2691 Necessaria
1152 2664 1254 2691 vero
1290 2647 1364 2690 illa
1396 2648 1535 2690 virtus
1570 2658 1649 2704 est,
1685 2652 1788 2711 quia
1824 2654 2085 2715 reipublicae
2118 2654 2172 2697 ad

96 2722 263 2782 majora
296 2731 339 2765 et
371 2721 525 2767 altiora
560 2723 738 2767 enitenti
774 2722 880 2766 nihil
905 2722 1045 2784 magis
1069 2722 1360 2766 necessarium
1385 2722 1571 2776 videtur,
1608 2740 1740 2785 quam
1766 2743 1890 2772 casus
1913 2728 2058 2772 varios
2081 2746 2172 2772 sus-

96 2805 277 2840 tentare.
347 2797 499 2855 Quum
533 2798 649 2841 enim
685 2799 924 2841 Fortunam
959 2798 1154 2840 insanam
1199 2814 1291 2840 esse
1333 2807 1375 2839 et
1420 2813 1589 2839 caecam
1632 2800 1892 2859 perhibeant
1924 2803 2170 2865 philosophi

95 2886 283 2932 saxoque
317 2871 436 2917 illam
472 2872 633 2918 instare
666 2871 849 2932 globoso
882 2871 1131 2934 praedicent.
1152 2870 1404 2927 volubilem,
1441 2871 1505 2928 fit,
1542 2880 1590 2915 ut
1614 2872 1725 2917 mira
1748 2875 1791 2918 in
1817 2875 2022 2922 omnibus
2046 2878 2173 2922 rebus

96 2942 299 2990 humanis
344 2945 543 2990 fortunae
576 2946 830 2991 vicissitudo
865 2947 1157 3009 conspiciatur
1190 2955 1232 2988 et
1264 2945 1445 2989 adversa
1476 2946 1702 3002 secundis,
1751 2950 1942 2994 secunda
1981 2951 2172 2995 adversis
