2461 3274
204 122 270 166 20

208 236 380 297 igitur?
447 236 733 297 Quanquam
748 237 956 281 ‘Ru-uni
994 237 1184 298 undique
1214 239 1347 282 malis
1393 239 1679 283 circumventi
1710 249 1869 284 >aotam
1903 237 1957 281 de
1990 237 2174 298 imperio
2203 252 2301 282 vesse

210 310 329 356 haud
364 311 645 372 ignora-t,
679 310 723 355 si
746 310 965 356 Coloniae
990 309 1249 368 deficerent,
1284 321 1430 357 tamen
1454 314 1627 374 ’ρ’-ιτοα
1648 310 1840 357 humiles
1869 327 1956 356 non
1990 310 2299 370 adhibuerunt,

208 387 369 448 quibus
402 384 566 428 milites
590 385 910 448 pecuniamque
933 386 1232 447 impetrarent,
1263 384 1343 429 aed
1358 386 1643 447 castig-udo
1632 387 1995 452 inempa'udoque
2011 385 2132 449 plus,
2165 388 2297 448 quum

207 462 366 510 leniter
398 459 571 524 agendo
605 477 651 505 se
684 459 960 522 profecturos
984 459 1277 521 Coloniasque
1310 459 1618 507 verecundiam
1652 462 1841 525 imperii
1851 462 2055 517 Bouiani
2070 460 2298 507 babitu-as

207 537 308 594 rati,
342 536 512 598 legatos
547 536 780 592 miserunt,
814 536 890 598 qui
924 534 1212 596 castigarent,
1247 550 1335 578 non
1368 535 1445 597 qui
1480 547 1779 597 precarentur,
1814 538 1944 583 Livio
1977 537 2052 582 lib.
2087 536 2291 581 XXVH.

208 629 303 675 cap.
340 612 424 656 lx.
462 627 527 673 sq.
565 621 787 656 narrante.
856 610 998 654 Multa
1031 609 1117 653 alia
1148 610 1347 672 exempla
1389 609 1505 673 apud
1551 612 1787 674 scriptores
1830 614 2161 668 inveniuntur,
2185 628 2296 674 quae

206 687 341 748 repeti
379 702 467 731 non
502 697 688 749 possunt
721 687 883 730 omnia.

368 761 551 822 Hujus
585 762 761 805 virtutis
795 760 1074 804 commodum
1110 761 1345 804 maximam
1381 772 1547 823 partem
1582 761 1626 804 id
1661 761 1761 817 suit,
1795 762 1911 823 quod
1934 763 2124 807 Romani
2140 765 2295 807 omnia

203 810 411 879 adversa·
432 835 605 879 fortiter
646 834 872 879 tolerando
916 835 1084 877 bostem
1130 845 1250 879 tanto
1294 834 1396 879 belli
1437 834 1579 879 taedio
1612 834 1882 892 afficiebant,
1926 847 1976 880 ut
2017 837 2070 880 de
2111 838 2294 881 victoria

202 908 442 972 desperans
486 918 635 971 pacem
680 907 797 952 ultro
841 918 1082 971 quaereret.
1152 908 1279 953 Licet
1310 909 1455 968 enim,
1499 909 1578 955 hac
1619 909 1689 954 vel
1723 909 1799 954 illa
1830 910 2013 954 victoria
2052 916 2290 974 repomta,

202 982 368 1027 bellum
403 982 623 1027 interdum
658 981 817 1026 ducere
852 994 1014 1044 posset,
1050 983 1251 1028 fortunae
1286 995 1431 1028 tamen
1454 984 1776 1029 vicissitudines
1798 985 1957 1028 timens
1978 995 2024 1028 et
2044 985 2291 1043 Roma-am

202 1058 337 1103 simul
372 1056 660 1102 constantiam
695 1056 985 1119 pcipendens,
1022 1058 1158 1102 tutius
1192 1058 1322 1103 rebus
1356 1059 1448 1104 suis
1477 1075 1571 1104 esse
1602 1058 1786 1122 putavit,
1804 1059 2167 1122 'qualemcunque
2190 1076 2290 1109 cum

199 1144 292 1177 tam
332 1131 541 1195 pertinaci
580 1130 705 1175 hoste
738 1147 888 1194 pacem
914 1132 1090 1189 habere,
1125 1147 1256 1194 quam
1280 1149 1381 1177 cum
1406 1149 1458 1178 eo
1480 1133 1535 1178 ad
1557 1133 1625 1178 sui
1649 1134 1988 1178 internecionem
2013 1149 2288 1179 concurrere.

201 1208 356 1268 Neque
388 1207 507 1250 enim
542 1206 731 1266 populus
765 1208 994 1250 Romanus
1026 1207 1129 1250 belli
1166 1207 1343 1251 fortuna
1377 1209 1559 1252 inferior
1591 1210 1647 1252 ab
1680 1210 1814 1252 armis
1848 1209 2067 1264 cessabat,
2107 1208 2182 1252 sed
2216 1220 2292 1253 aut

201 1292 363 1326 certam
409 1281 639 1327 victoriam
696 1291 773 1325 aut
814 1280 995 1326 exitium
1037 1282 1186 1327 animo
1229 1281 1283 1327 ad
1328 1292 1521 1327 extrema
1563 1282 1782 1328 obstinato
1825 1300 1997 1345 semper
2038 1282 2286 1344 quaerebat.

200 1357 337 1417 Atqui
374 1372 502 1399 nemo
542 1356 635 1399 sine
678 1355 980 1417 desperatione
1022 1356 1075 1400 ad
1119 1366 1313 1400 extrema
1355 1357 1558 1419 compelli
1603 1368 1758 1419 potest.
1829 1357 1974 1416 Quam
2009 1358 2289 1401 temerarium

199 1441 345 1474 autem
380 1447 481 1480 cum
518 1430 593 1473 tali
627 1431 752 1473 hoste
786 1431 950 1474 bellum
986 1433 1059 1487 sit,
1101 1449 1187 1475 non
1223 1433 1429 1491 ignorant
1464 1432 1525 1474 rei
1561 1432 1763 1475 militaris
1797 1433 1939 1493 periti.
2009 1432 2290 1494 Quapropter

202 1504 506 1549 Romanorum
542 1504 688 1549 hostes
712 1521 797 1548 non
824 1504 1126 1567 imprudenter
1149 1505 1497 1567 qualemcunque
1519 1522 1670 1567 pacem
1695 1506 1855 1568 potius,
1891 1522 2021 1568 quam
2044 1506 2287 1567 periculum

200 1578 301 1623 belli
337 1595 438 1624 cum
473 1579 581 1624 viris
614 1590 809 1624 extrema
844 1580 1112 1624 tentantibus
1147 1591 1367 1643 optarunt.
1424 1580 1685 1643 Exemplum
1710 1580 1836 1624 affert
1859 1581 2013 1624 Livius
2034 1579 2284 1639 lib-fXLH.

199 1670 292 1713 cap.
331 1654 501 1709 LXH„
536 1655 611 1697 ubi
648 1657 861 1709 Perseus,
896 1654 1179 1698 Macedoniae
1214 1671 1315 1711 rex,
1349 1656 1491 1698 victor
1523 1671 1549 1697 a
1579 1656 1706 1698 victis
1741 1672 1889 1716 pacem
1925 1656 2086 1698 frustra
2118 1667 2286 1716 petens,

200 1727 311 1771 hanc
346 1728 485 1790 ipsam
521 1728 789 1790 superbiam,
824 1728 984 1791 quippe
1020 1744 1128 1791 quae
1162 1744 1215 1772 ex
1249 1723 1407 1772 fiducia
1429 1728 1588 1773 virium
1624 1740 1753 1787 esset7
1789 1730 1959 1787 timuit3
1995 1740 2038 1773 et
2069 1746 2287 1774 summam

198 1803 409 1863 pecuniae
443 1819 637 1864 augens,
682 1805 717 1847 si
763 1804 903 1865 pretio
946 1821 1096 1864 pacem
1141 1820 1285 1848 emere
1328 1815 1499 1865 posset,
1544 1821 1631 1851 non
1667 1804 1831 1848 destitit
1863 1805 2059 1848 animum
2093 1804 2286 1848 consulis

197 1886 380 1921 tentare.
407 1904 471 1910 —-
493 1877 647 1921 Altera
671 1877 836 1922 utilitas
860 1878 1055 1922 constitit
1078 1879 1121 1922 in
1146 1895 1214 1935 eo,
1239 1877 1355 1940 quod
1382 1878 1571 1922 Romani
1596 1878 1675 1922 hac
1698 1895 1778 1923 sua
1799 1878 2042 1923 constantia
2065 1878 2285 1922 fortunam

195 1952 422 1997 adversam
458 1954 658 1996 vicerunt
699 1964 742 1996 et
785 1970 957 2016 semper
999 1954 1053 1997 ad
1097 1954 1323 1997 victoriam
1367 1965 1673 2013 pervenerunt.
1743 1953 1910 1997 Evolve
1943 1970 2090 1997 rerum
2125 1954 2287 1997 Roma-

195 2042 351 2070 narum
393 2037 594 2070 auctores
639 2038 682 2070 et
724 2038 977 2089 perpetuam
1023 2027 1304 2070 victoriarum
1356 2027 1544 2069 maxime
1588 2027 1825 2071 illustrium
1870 2028 2028 2072 seriem
2073 2027 2281 2070 invenies.

194 2102 400 2163 Longum
435 2113 527 2159 est,
563 2118 715 2145 omnes
748 2103 954 2146 victorias
990 2113 1209 2164 repetere3
1245 2118 1296 2145 ex
1331 2112 1421 2144 tota
1465 2113 1610 2145 autem
1645 2095 1861 2145 bellorum
1908 2101 2034 2145 laude
2069 2101 2285 2153 ill-dad-

193 2177 423 2220 miratione
459 2187 609 2219 nostra
641 2176 824 2236 dignum
860 2188 903 2219 et
937 2178 1124 2219 maxime
1160 2175 1442 2218 memorabile
1477 2186 1559 2231 est⁷
1593 2176 1709 2236 quod
1734 2176 1922 2219 Romani
1954 2175 2143 2218 secundo
2166 2175 2282 2218 bello

193 2250 387 2306 Punico,
432 2250 584 2294 multis
624 2251 750 2294 annis
795 2250 986 2294 infausta
1030 2261 1072 2293 et
1114 2249 1295 2292 adversa
1340 2240 1518 2310 quaevis
1560 2250 1780 2311 perpessi,
1824 2248 1998 2292 tandem
2040 2249 2282 2293 constantia

192 2324 399 2384 pertinaci
467 2324 520 2368 de
575 2325 814 2369 victoribus
870 2325 1097 2369 victoriam
1154 2323 1519 2384 gloriosissimam
1576 2324 1870 2386 reportabant.
1948 2324 2141 2384 Attingit
2183 2340 2278 2368 eam

194 2414 286 2440 rem
331 2399 541 2458 Polybius
574 2398 649 2442 lib.
688 2401 771 2442 111.
809 2411 917 2443 extr.
966 2400 1032 2441 his
1076 2398 1244 2441 verbis:
1318 2398 1411 2454 chi
1450 2399 1576 2440 modo
1619 2401 1722 2442 victi
1762 2417 1789 2440 a
1847 2399 2281 2459 Carthaginiensibus

186 2471 374 2534 fuerant
432 2482 473 2518 et
528 2491 673 2518 rerum
734 2475 989 2520 bellicarum
1050 2474 1196 2536 qloria
1260 2473 1429 2516 cessisse
1489 2473 1577 2517 illis
1636 2475 1924 2530 videbantur,
2006 2491 2094 2519 non
2145 2474 2279 2519 multo

190 2555 383 2608 tempore
441 2550 664 2609 interjecto
723 2552 880 2594 diritate
940 2566 993 2593 ac
1043 2550 1286 2593 constantia
1341 2548 1608 2606 reipublicae
1664 2556 1706 2592 et
1754 2549 1932 2593 consilio
1981 2551 2279 2611 sapientiaque

189 2622 383 2667 Senatus
427 2639 477 2666 eo
519 2632 842 2682 pervenerunt,
898 2632 944 2667 nt
1001 2623 1438 2683 Cartloayiniensibus
1492 2623 1611 2665 victis
1660 2626 1974 2686 prostratisque
2023 2641 2110 2669 non
2151 2626 2278 2668 modo

187 2697 370 2753 Italiae,
408 2699 489 2741 sed
519 2700 649 2748 eliam
682 2701 799 2742 orbis
833 2701 962 2742 totius
995 2700 1174 2757 imperio
1204 2698 1467 2755 potirentur.
1506 2722 1569 2731 —
1601 2697 1723 2741 Haec
1757 2697 1986 2743 sufficiant.

974 2893 1494 2919 ψ·-
1530 2912 1533 2914 .
