2461 3274
194 182 222 223 8

191 297 355 359 optime
390 293 596 347 continet,
634 303 680 335 ut
715 307 846 353 supra
880 290 1201 353 quodammodo
1236 290 1385 335 Tullio
1419 303 1596 338 auctore
1631 295 1706 340 lib.
1744 297 1826 340 111.
1864 296 1915 340 de
1949 294 2061 339 offic.
2100 294 2276 339 demon-

194 372 452 424 stravimus,
520 366 658 410 multa
718 366 803 409 alia
868 377 969 409 sunt
1031 366 1283 421 commoda,
1351 384 1459 429 quae
1521 368 1628 411 fides
1697 372 1898 433 religiose
1961 380 2129 413 servata
2194 370 2274 412 rei-

194 449 390 511 publicae
429 444 570 487 affert.
640 442 755 486 Sane
800 443 1112 504 rempublicam
1157 444 1387 505 praecipue
1430 442 1707 500 bellicosam,
1753 448 1892 507 qualis
1935 447 2133 489 Romana
2177 445 2275 502 fuit,

194 524 285 567 sine
320 520 539 565 sociorum
574 516 734 561 auxilio
770 528 967 561 constare
1002 534 1088 561 non
1133 535 1285 579 posse,
1331 536 1457 563 nemo
1502 518 1661 562 infitias
1706 520 1767 564 ire
1808 532 1963 583 potest.
2036 520 2159 579 Quos
2193 535 2278 582 qua

194 599 361 643 ratione
397 594 565 640 facilius
600 593 677 637 tibi
713 593 1048 656 comparaveris,
1083 609 1211 656 quam
1249 594 1363 638 fama
1397 593 1495 639 fidei
1520 611 1691 657 semper
1714 598 1936 641 servatae?
1982 597 2138 641 Omnis
2162 595 2276 639 enim

197 673 413 720 societatis
449 671 781 714 fundamentum
818 669 922 711 fides
956 680 1045 724 est,
1090 686 1198 730 quae
1242 670 1534 732 discrepantes
1578 672 1745 713 animos
1786 675 2039 733 conjungat.
2110 670 2277 729 Quodsi

197 751 293 811 quis
327 748 494 791 socium
530 746 715 807 quaerit,
752 744 881 788 talem
917 744 1055 804 eligit,
1091 745 1163 805 qui
1200 743 1359 788 fluxam
1396 745 1485 789 odit
1520 745 1663 789 fidem.
1723 745 1770 790 Si
1799 746 1916 790 enim
1943 748 2121 791 alterius
2145 745 2278 808 partis

196 823 368 869 vacillet
411 822 545 878 fides,
600 820 703 883 quid
739 820 866 880 juvat
908 819 1088 863 societas
1135 819 1214 863 sub
1248 820 1569 864 conditionibus
1611 820 1678 865 vel
1714 821 1890 883 optimis
1926 822 2061 866 inita?
2127 821 2276 880 Quum

194 900 387 944 Romani
421 915 523 961 prae
557 897 653 940 aliis
686 896 889 956 gentibus
932 896 1125 955 integrae
1171 895 1269 938 fidei
1316 896 1430 939 sama
1473 898 1575 940 satis
1620 897 1722 939 clari
1768 907 1935 952 essent,
1981 898 2110 940 etiam
2154 895 2277 939 facile

196 977 499 1028 inveniebant,
543 974 616 1033 qui
659 989 758 1015 cum
804 971 908 1032 ipsis
952 972 1200 1015 societatem
1245 972 1425 1015 coirent.
1496 973 1680 1030 Quoties
1724 973 1839 1016 enim
1883 972 2086 1032 gentibus
2124 970 2278 1016 vicinis

197 1051 361 1095 bellum
395 1059 501 1103 erat,
537 1064 610 1090 eae
645 1045 745 1089 fidei
767 1047 991 1089 Romanae
1026 1063 1071 1089 se
1106 1047 1432 1090 committebant
1466 1056 1593 1107 atque
1627 1047 1775 1108 populi
1809 1047 1997 1090 Romani
2032 1047 2278 1089 societatem

199 1144 285 1170 non
319 1136 406 1168 tam
440 1122 589 1166 auxilii
624 1132 667 1164 et
700 1138 947 1172 armorum,
992 1137 1121 1181 quam
1158 1120 1256 1162 fidei
1291 1121 1431 1179 gratia
1465 1121 1655 1165 studiose
1690 1122 1966 1182 quaerebant.
2038 1122 2187 1181 Itaque
2221 1120 2276 1162 Τ.

199 1201 433 1260 Quinctius
468 1197 770 1251 Flamininus,
806 1213 940 1256 quum
978 1195 1246 1239 Graecorum
1283 1195 1413 1256 legati
1450 1196 1492 1238 in
1529 1197 1712 1240 concilio
1756 1184 2021 1240 Boeotorum
2065 1195 2182 1239 varie
2228 1193 2279 1237 de

197 1277 399 1321 societate
434 1274 577 1335 gentis
622 1271 953 1327 disseruissent,
1002 1288 1137 1332 pauca
1178 1270 1412 1315 admodum
1457 1271 1638 1331 adjecit,
1678 1272 1811 1333 fidem
1846 1274 1980 1334 maqis
2011 1272 2278 1324 Romanam,

199 1369 327 1415 cluam
360 1367 484 1394 arma
519 1357 596 1392 md
629 1363 730 1406 opes
763 1347 973 1391 extollens
1006 1348 1169 1399 verbis,
1219 1357 1325 1390 teste
1359 1348 1488 1391 Livio
1523 1346 1598 1390 lib.
1635 1348 1859 1391 XXXIII.
1897 1365 1990 1410 cap.
2029 1348 2088 1390 II.
2157 1346 2279 1390 Nihil

198 1430 313 1472 enim
348 1426 504 1471 melius
539 1442 583 1468 se
618 1424 776 1468 habere
811 1423 1044 1466 arbitratus
1078 1433 1157 1473 est..
1193 1440 1278 1484 quo
1312 1424 1431 1484 genti
1467 1423 1728 1486 suspiciosae
1763 1424 2011 1467 societatem
2036 1424 2279 1467 Romanam

200 1503 414 1557 suaderet,
449 1516 580 1563 quam
616 1499 876 1542 celebratam
912 1498 1102 1559 undique
1136 1497 1264 1541 fidem
1289 1499 1549 1541 Romanam.
1620 1498 1739 1541 Idem
1766 1498 2000 1556 Quinctius
2030 1500 2071 1542 in
2097 1499 2279 1541 concilio

198 1578 475 1621 Achaeorum
510 1592 584 1618 eos
618 1575 812 1634 graviter
844 1573 1071 1627 admonet,
1114 1590 1164 1615 ne
1199 1574 1405 1615 Antiochi
1441 1574 1556 1633 regis
1592 1584 1633 1616 et
1666 1574 1923 1616 Aetolorum
1958 1590 2114 1618 vanam
2149 1575 2282 1617 socie-

200 1663 330 1696 tatem
366 1659 664 1703 assumerent,
712 1648 785 1690 sed
826 1656 1030 1706 expertae
1059 1650 1203 1705 polius
1234 1656 1535 1707 spectataeque
1568 1649 1868 1691 Romanorum
1897 1650 2007 1710 fidei
2038 1652 2278 1705 crederent,

200 1739 248 1772 ut
280 1725 397 1790 apud
431 1724 614 1767 eundem
637 1723 806 1766 His-tor.
846 1722 920 1766 lib.
948 1722 1144 1765 XXXV.
1182 1739 1275 1784 cap.
1303 1722 1473 1765 XLIX.
1513 1722 1686 1783 legitur.
1756 1724 1876 1767 Haec
1912 1725 1993 1768 fuit
2025 1741 2126 1768 vera
2154 1741 2282 1769 causa

198 1814 263 1848 tot
297 1802 516 1846 sociorum
553 1816 643 1842 rem
679 1799 923 1841 Romanam
958 1799 1080 1840 enixe
1108 1798 1357 1857 juvantium
1393 1808 1519 1858 atque
1564 1799 1605 1840 hi
1642 1799 1722 1859 ipsi
1763 1800 1892 1855 socii,
1938 1801 2010 1860 qui
2055 1800 2109 1843 ob
2153 1800 2282 1844 fidem

200 1878 396 1923 societati
421 1877 646 1919 Romanae
670 1885 959 1929 accesserunt,
996 1874 1251 1935 plerumque
1275 1873 1490 1916 fideliores
1514 1873 1675 1934 populo
1700 1875 1898 1918 Romano
1924 1876 2115 1933 suerunt,
2151 1894 2280 1939 quam

199 1954 274 2015 qui
309 1951 442 1996 armis
476 1950 578 1994 victi
615 1950 658 1992 in
693 1949 941 1993 societatem
977 1965 1128 1992 eorum
1164 1949 1322 2010 recepti
1358 1958 1494 1992 erant.
1544 1947 1675 2006 Quod
1710 1950 1824 1994 enim
1849 1950 2005 2013 aliquis
2029 1969 2107 1997 sua
2130 1963 2281 2015 sponte

199 2040 242 2072 et
285 2042 433 2070 amore
477 2024 652 2067 virtutis
696 2024 824 2078 facit,
871 2023 1008 2065 multo
1053 2025 1320 2065 constantius
1364 2023 1556 2084 perficit,
1601 2040 1730 2084 quam
1775 2025 1828 2066 ad
1872 2027 1986 2086 quod
2032 2029 2282 2070 necessitate

202 2104 387 2163 cogitur.
423 2127 486 2133 —
520 2100 665 2143 Etiam
701 2099 805 2142 haec
841 2100 994 2158 ingens
1030 2099 1192 2142 utilitas
1227 2110 1306 2155 est,
1342 2116 1451 2160 quae
1486 2116 1536 2141 ex
1571 2098 1653 2143 fide
1688 2098 1881 2161 capitur,
1917 2100 2031 2162 quod
2067 2102 2123 2156 ei,
2158 2103 2282 2163 eujus

203 2175 307 2221 fides
341 2175 514 2219 infirma
549 2190 634 2216 non
670 2184 760 2230 est,
804 2173 996 2216 vicissim
1031 2172 1137 2215 fides
1176 2183 1218 2215 et
1252 2174 1380 2216 etiam
1416 2174 1605 2216 sanetius
1639 2184 1849 2217 servatur.
1921 2175 2133 2233 Quamvis
2167 2178 2282 2221 enim

204 2251 499 2312 unusquisque
532 2250 575 2292 vi
611 2248 899 2291 conscientiae
928 2258 1139 2302 teneatur,
1176 2248 1304 2290 etiam
1329 2248 1494 2308 perfido
1518 2248 1730 2308 promissa
1754 2266 1941 2304 servare,
1978 2251 2115 2294 multo
2140 2263 2281 2296 tamen

205 2326 422 2369 lubentius
456 2326 495 2368 ei
530 2324 660 2368 fidem
695 2323 986 2378 exsolvimus,
1031 2323 1156 2381 cujus
1200 2332 1351 2365 mutua
1394 2321 1498 2365 fides
1535 2323 1657 2366 nobis
1692 2324 1794 2367 satis
1828 2336 1944 2369 certa
1976 2336 2018 2369 et
2052 2327 2284 2389 conspicua

203 2412 282 2446 est.
352 2399 482 2458 Quod
517 2399 729 2443 Romanis
763 2396 998 2458 obtigisse,
1043 2407 1353 2440 commemorat
1392 2397 1596 2440 Valerius
1628 2398 1880 2450 Maximus,
1917 2401 2041 2461 cujus
2077 2401 2151 2445 lib.
2195 2403 2279 2447 VI.

203 2493 304 2536 cap.
348 2474 434 2518 VI.
502 2473 778 2518 Memorabil.
827 2473 937 2515 banc
981 2473 1023 2514 in
1065 2489 1153 2515 rem
1192 2473 1320 2516 verba
1355 2473 1458 2515 haec
1493 2483 1616 2515 sunt:
1675 2474 1818 2531 Quam
1853 2475 2020 2535 (fidem)
2055 2484 2103 2519 ul
2134 2479 2283 2521 civitas

201 2558 352 2596 nostra
397 2566 563 2609 semper
603 2551 833 2609 bem'qnam
874 2549 1115 2607 praestitit,
1164 2550 1224 2591 ita
1268 2551 1312 2592 in
1356 2551 1568 2592 sociorum
1610 2565 1779 2611 quoqne
1823 2552 1977 2594 animis
2021 2560 2281 2598 constantem

205 2626 419 2687 cognovit.
488 2625 715 2668 Praeterea
758 2623 894 2667 hostis
941 2622 1107 2666 facilius
1141 2623 1259 2667 abire
1293 2624 1347 2667 ab
1381 2624 1513 2667 armis
1547 2635 1589 2667 et
1624 2625 1763 2668 redire
1797 2625 1851 2668 ad
1885 2642 2033 2687 pacem
2069 2629 2202 2685 solet,
2246 2630 2280 2672 si

205 2712 307 2745 nota
339 2700 421 2764 ipsi
457 2699 690 2743 adversarii
724 2699 831 2743 fides
865 2709 946 2741 est.
1017 2699 1064 2742 Si
1108 2700 1223 2742 enim
1268 2701 1357 2743 suis
1404 2700 1569 2744 viribus
1614 2718 1699 2744 non
1743 2701 1846 2744 satis
1881 2703 2096 2748 confidere
2130 2705 2281 2765 possit,

204 2776 340 2819 tutius
382 2784 499 2818 certe
542 2774 846 2831 arbitrabitur,
903 2775 1085 2835 experiri
1134 2775 1364 2836 aliquoties
1410 2787 1628 2837 expertam
1673 2776 1905 2820 adversarii
1952 2779 2107 2833 fidem,
2152 2795 2281 2840 quam

81 2906 87 2918 ι
133 2846 135 2848 ’
203 2850 362 2895 dubiae
394 2849 495 2894 belli
531 2849 649 2893 aleae
683 2849 863 2893 salutem
899 2865 1022 2892 suam
1058 2850 1343 2893 committere.
1413 2852 1558 2894 Etiam
1605 2850 1821 2895 interdum
1857 2853 2001 2897 hostes
2035 2854 2207 2898 virtutis
2242 2865 2283 2896 et

209 2926 339 2977 {nimi
374 2924 675 2985 magnitudine
710 2924 820 2985 eapti
855 2942 952 2968 cum
988 2942 1038 2968 eo
1073 2925 1260 2987 populo,
1305 2926 1430 2984 cujus
1474 2926 1700 2970 manifesta
1741 2927 1846 2971 fides
1888 2930 2080 2991 ipsorum
2116 2930 2283 2974 animos

212 3009 377 3044 summa
411 2998 695 3042 admiratione
729 2999 956 3052 affecerat,
1001 3016 1148 3060 pacem
1193 3002 1526 3061 societatemque
1569 3016 1774 3062 quaerere
1820 3003 1973 3045 solent.
2044 3004 2182 3064 Cujus
2223 3007 2283 3048 rei
