2461 3274
203 169 233 211 6

201 281 321 338 feeit,
358 280 533 325 Caesari
569 277 821 320 nunciatum
856 285 986 330 esset,
1021 275 1185 336 equites
1208 275 1419 318 Ariovisti
1456 275 1620 337 lapides
1653 278 1823 341 telaque
1851 279 1893 322 in
1918 295 2020 321 suos
2043 280 2277 338 conjicere,

203 356 408 419 loquendi
442 353 572 397 finem
609 352 710 395 fecit
742 367 874 412 seque
908 350 963 395 ad
996 367 1097 394 suos
1132 351 1293 411 recepit
1326 351 1501 412 suisque
1546 351 1801 413 imperavit,
1843 370 1896 398 ne
1938 353 2054 415 quod
2099 354 2278 397 omnino

204 432 338 476 telum
372 430 417 473 in
452 428 597 472 hostes
630 426 877 486 rejicerent.
946 426 1059 470 Nam
1095 425 1174 469 etsi
1209 424 1302 469 sine
1346 425 1434 470 ullo
1479 425 1674 487 periculo
1718 426 1903 488 legionis
1945 427 2133 471 delectae
2178 445 2279 483 eum

203 506 395 569 equitatu
431 501 644 567 proelium
691 500 784 545 fore
828 500 1025 556 videbat3
1070 511 1213 544 tamen
1247 499 1607 545 committendum
1649 517 1736 544 non
1780 503 1984 564 putabat,
2029 513 2097 557 ut,
2142 501 2278 564 pulsis

203 581 427 635 hostibus,
478 578 561 621 dici
604 587 777 638 posset,
831 593 903 619 eos
944 579 999 619 ab
1040 592 1085 618 se
1124 592 1207 634 per
1241 577 1376 635 fidem
1418 578 1463 619 in
1506 576 1721 636 colloquio
1763 581 2087 622 circumventos.
2155 578 2277 623 Haec

203 655 399 717 exempla
431 653 529 697 fidei
555 653 780 696 Romanae
814 650 1043 695 sufficiant.
1071 679 1134 684 —
1156 651 1216 694 At
1249 650 1316 695 his
1351 651 1520 696 obstare
1553 650 1725 696 videtur
1757 669 1840 713 pax
1864 653 2062 698 Caudina
2095 671 2121 698 a
2141 652 2277 714 captis

204 729 480 785 consulibus,
516 726 698 788 legatis,
734 725 1034 788 quaestoribus
1070 725 1340 787 tribunisque
1364 726 1552 769 militum
1583 742 1756 788 sponsa,
1792 742 1932 788 neque
1953 744 2057 770 vero
2079 745 2104 771 a
2127 737 2277 771 senatu

204 806 450 867 populoque
485 804 685 846 Romano
720 812 865 844 sancte
899 802 1148 855 observata,
1185 801 1288 843 item
1324 818 1406 861 pax
1438 802 1722 845 Numantina.

394 879 454 921 Et
496 875 669 939 quidem
714 875 765 918 de
800 874 999 918 Caudina
1043 891 1111 918 res
1156 875 1214 918 ita
1259 892 1303 919 se
1340 876 1480 919 habet.
1550 876 1722 920 Bellum
1757 886 1850 920 erat
1883 878 2044 939 populo
2079 878 2277 920 Romano

201 972 302 1000 cum
338 951 621 999 Samnitibus.
690 950 745 994 T.
771 950 983 993 Veturius
1009 950 1218 995 Calvinus
1253 961 1295 994 et
1330 950 1406 1013 Sp.
1435 952 1686 996 Postumius
1710 951 1923 996 Consules
1957 968 2055 996 cum
2090 951 2278 999 exercitu

201 1031 256 1074 ad
291 1029 481 1073 furculas
505 1026 725 1071 Caudinas
760 1026 874 1068 inter
907 1025 1016 1068 duos
1051 1026 1185 1068 saltus
1220 1026 1354 1068 clausi
1389 1038 1525 1070 erant.
1590 1026 1799 1070 Summus
1827 1028 1969 1070 -saltus
2003 1028 2057 1070 ab
2081 1029 2277 1072 hostibus

202 1105 379 1150 armatis
414 1103 614 1146 obsessus
649 1111 692 1144 et
726 1100 872 1145 fauces
902 1100 1037 1144 saltus
1060 1100 1201 1144 valida
1231 1118 1361 1145 manu
1385 1100 1648 1163 praeclusae.
1696 1101 1852 1145 Fames
1876 1102 2073 1147 obsessos
2097 1104 2280 1164 urgebat

202 1191 246 1225 et
279 1176 600 1223 imminentium
636 1175 827 1219 hostium
862 1191 982 1218 arma
1017 1187 1091 1218 aut
1125 1186 1307 1220 mortem
1341 1176 1631 1221 voluntariam
1665 1187 1740 1219 aut
1773 1175 2035 1220 deditionem
2072 1189 2278 1242 pactaque

203 1255 453 1301 suadebant.
512 1251 684 1294 Placuit
718 1261 878 1294 tamen·
898 1268 995 1312 pax,
1031 1252 1228 1313 quamvis
1264 1253 1423 1314 populo
1448 1252 1648 1294 Romano
1683 1262 1725 1294 et
1759 1252 1839 1312 ipsi
1874 1268 2046 1313 quoque
2070 1256 2275 1299 exercitui

205 1330 327 1374 foeda
360 1338 487 1388 atque
521 1327 831 1385 ignominiosa.
901 1328 1020 1369 Inter
1059 1327 1163 1382 alias
1206 1329 1322 1389 enim
1366 1327 1606 1386 turpissimi
1651 1327 1836 1369 foederis
1870 1328 2139 1371 conditiones
2174 1329 2277 1373 haee

204 1405 285 1449 fuit
327 1402 522 1447 omnium
557 1400 837 1462 turpissima,
879 1400 994 1463 quod
1037 1401 1195 1445 milites
1230 1394 1416 1445 Romani
1462 1417 1548 1445 una
1587 1417 1686 1445 eum
1731 1399 1912 1446 ducibus
1956 1402 2142 1447 inermes
2177 1421 2275 1448 cum

203 1478 386 1539 singulis
419 1476 692 1520 vestimentis
735 1476 816 1519 sub
852 1477 1013 1536 jugum
1058 1477 1111 1520 ad
1153 1477 1315 1520 exitum
1361 1477 1495 1520 saltus
1535 1486 1801 1519 exstructum
1837 1477 1957 1520 missi
1992 1478 2107 1522 exire
2142 1481 2277 1523 coacti

203 1564 317 1598 sunt.
387 1551 519 1609 Quod
556 1551 630 1594 ubi
666 1553 852 1594 Romam
889 1550 1106 1606 delatum,
1151 1561 1324 1594 senatus
1365 1551 1603 1612 approbare
1639 1551 1778 1594 noluit
1811 1562 1939 1613 atque
1972 1553 2025 1595 ab
2061 1553 2139 1596 hae
2173 1571 2276 1615 pace

202 1627 426 1673 abhorruit
459 1626 723 1687 tradiditque
758 1636 954 1669 auctores
990 1626 1205 1669 fetialibus
1249 1643 1347 1669 eum
1383 1626 1536 1669 ceteris
1561 1626 1777 1670 Caudium
1808 1626 2041 1670 ducendos.
2102 1629 2169 1672 Ex
2192 1647 2277 1690 quo

202 1722 287 1748 non
323 1703 423 1747 licet
457 1700 736 1756 concludere,
773 1701 903 1762 impie
938 1711 979 1744 et
1013 1711 1162 1744 contra
1196 1700 1339 1744 (latam
1375 1700 1503 1744 fidem
1539 1702 1761 1744 Romanos
1796 1702 1952 1762 egisse,
1989 1702 2104 1763 quod
2139 1705 2273 1765 pactis

203 1797 287 1824 non
322 1777 557 1823 stetissent.
607 1775 842 1820 Sciendum
879 1776 994 1818 enim
1030 1786 1109 1831 est,
1145 1792 1230 1818 non
1267 1793 1392 1837 posse
1428 1776 1588 1819 fractae
1612 1775 1831 1836 fideijure
1856 1777 2042 1819 incusari
2068 1778 2276 1839 populum

202 1855 478 1907 Romanum,
523 1867 656 1912 quum
703 1851 738 1893 is
782 1850 873 1911 ipse
914 1851 1026 1893 hosti
1062 1850 1189 1893 fidem
1228 1851 1390 1892 nullam
1426 1850 1592 1893 dederit
1626 1868 1764 1911 neque
1798 1852 1878 1893 hoc
1913 1851 2128 1894 mandarit
2163 1853 2277 1895 Con-

201 1929 394 1982 sulibus,
432 1937 479 1970 ut
513 1927 593 1987 ipsi
630 1926 791 1969 bellum
826 1926 1002 1986 propria
1036 1926 1291 1969 auctoritate
1325 1927 1459 1986 pactis
1494 1936 1817 1987 componerent.
1886 1926 2038 1987 Neque
2078 1927 2193 1970 enim
2229 1945 2279 1970 ea

201 2012 408 2065 potestate
443 2001 563 2044 missi
598 2010 698 2044 sunt
741 1999 795 2043 ad
838 2000 983 2043 hostes
1027 2017 1124 2043 cum
1170 2000 1357 2043 exercitu
1400 2001 1623 2057 consules,
1670 2011 1717 2043 ut
1760 2000 1893 2044 libere
1936 2017 2035 2044 cum
2080 2001 2274 2045 hostibus

203 2079 543 2140 paciscerentur,
588 2076 661 2119 sed
697 2075 948 2118 mandatum
985 2076 1089 2136 ipsis
1123 2075 1292 2130 solum,
1341 2086 1388 2118 ut
1422 2093 1494 2119 eos
1530 2077 1644 2120 ferro
1680 2076 1951 2119 lacesserent.
2020 2076 2122 2119 Non
2158 2077 2279 2120 licuit

203 2170 305 2212 ergo
347 2151 537 2194 mandati
582 2150 689 2193 fines
730 2149 934 2193 excedere
977 2161 1019 2192 et
1063 2150 1245 2192 invitum
1292 2150 1486 2210 obligare
1529 2151 1582 2193 ad
1626 2167 1774 2212 pacem
1816 2151 2087 2193 inhonestam
2123 2161 2164 2194 et
2198 2152 2278 2195 rei-

202 2226 397 2286 publicae
431 2226 655 2268 exitiosam
691 2223 902 2285 populum
938 2225 1202 2266 Romanum.
1274 2225 1418 2267 Etiam
1454 2225 1652 2267 consules
1686 2225 1867 2285 profecti
1902 2224 1955 2266 ad
1991 2226 2195 2267 Pontium
2232 2226 2275 2267 in

201 2300 494 2362 colloquium,
539 2316 672 2360 quum
716 2298 767 2341 de
804 2298 975 2341 foedere
1010 2298 1149 2340 victor
1181 2299 1389 2358 agitaret,
1435 2309 1673 2358 negarunt,
1719 2299 1887 2358 injussu
1932 2298 2079 2360 populi
2126 2299 2276 2343 foedus

200 2375 294 2419 lieri
330 2392 479 2436 posse:
527 2391 605 2417 nec
649 2375 741 2416 sine
787 2372 1004 2416 fetialibus
1049 2373 1404 2435 caeremoniaque
1447 2373 1531 2416 alia
1565 2374 1763 2417 solemni.
1834 2373 1961 2417 Fides
1996 2374 2132 2433 igitur
2165 2374 2276 2416 hosti

198 2451 299 2496 data
344 2467 416 2494 eos
459 2461 653 2506 tantum,
701 2465 838 2511 neque
881 2465 984 2492 vcro
1029 2448 1237 2510 populum
1283 2449 1533 2492 universum
1578 2449 1772 2510 obligare
1816 2460 1997 2511 poterat.
2068 2448 2139 2493 Ob
2183 2466 2276 2492 eam

196 2539 374 2569 causam
412 2525 455 2566 in
490 2535 658 2580 senatu,
694 2525 1004 2567 deliberatione
1038 2524 1296 2583 gravissima
1330 2524 1381 2566 de
1416 2524 1494 2567 hac
1529 2541 1574 2567 re
1610 2525 1770 2579 habita,
1808 2541 1893 2566 non
1929 2524 2170 2584 quaesitum
2195 2535 2275 2580 est,

196 2611 398 2661 essentne
433 2600 643 2643 servanda
677 2611 826 2661 pacta,
874 2599 948 2642 scd
992 2600 1116 2659 cujus
1160 2610 1273 2643 esset
1315 2616 1363 2643 ea
1408 2617 1604 2657 servare,
1651 2617 1788 2661 neque
1830 2600 1991 2659 injuste
2026 2598 2278 2643 conclusum

192 2666 282 2731 “est,
317 2674 533 2720 Consules
569 2684 762 2731 tantum,
808 2691 886 2718 nec
926 2690 1029 2717 vero
1064 2674 1273 2736 populum
1309 2675 1557 2718 Romanum
1593 2674 1647 2718 ad
1681 2691 1731 2718 ea
1765 2672 1974 2718 servanda
2010 2673 2159 2717 teneri.
2229 2672 2277 2716 Si

120 2710 316 2836 (fenim
342 2766 423 2811 pax
447 2749 642 2809 obligare
666 2750 845 2792 debebat
870 2750 1106 2811 populum,
1124 2750 1254 2808 jussu
1279 2750 1450 2810 populi,
1478 2750 1610 2791 fetiali
1636 2760 1678 2791 et
1704 2751 1985 2791 caeremoniis
2013 2749 2278 2792 solemnibus

201 2825 615 2880 intervenientibus,
652 2825 845 2868 facienda
879 2835 985 2869 erat.
1055 2826 1165 2868 Pace
1199 2842 1303 2867 vero
1339 2824 1538 2868 Caudina
1573 2841 1658 2866 non
1695 2823 1890 2881 foedere,
1933 2824 2007 2868 sed
2042 2840 2118 2885 per
2151 2839 2278 2883 spon-

201 2898 367 2943 sionem
404 2898 530 2957 facta,
558 2899 663 2961 jure
697 2898 915 2944 decretum
952 2909 1032 2956 est,
1069 2899 1172 2962 ipsis
1207 2915 1378 2960 quoque
1413 2897 1680 2954 consulibus,
1721 2899 1793 2961 qui
1828 2899 2071 2961 pactionem
2108 2895 2276 2940 foedam

204 2971 416 3031 fecerant,
452 2975 822 3018 consentientibus
857 2986 898 3017 et
932 2976 1007 3036 Sp.
1047 2975 1273 3017 Postumio
1307 2974 1388 3015 hoc
1425 2974 1601 3034 insuper
1634 2973 1865 3030 suadente,
1912 2984 1961 3016 ut
1993 2973 2074 3033 ipsi
2110 2982 2277 3015 tantum
